,price,quantity,symbol,timestamp,is_buy,price_next,target
24,139.51,0.103,AAVEUSDT,2025-04-12 09:43:35+00:00,0,139.51,0
25,139.51,0.044,AAVEUSDT,2025-04-12 09:43:35+00:00,0,139.5,0
29,139.5,0.148,AAVEUSDT,2025-04-12 09:43:35+00:00,0,139.48,0
32,139.48,0.093,AAVEUSDT,2025-04-12 09:43:35+00:00,0,139.48,0
33,139.48,0.057,AAVEUSDT,2025-04-12 09:43:35+00:00,0,139.49,1
59,139.49,0.152,AAVEUSDT,2025-04-12 09:43:44+00:00,1,139.49,0
60,139.49,1.282,AAVEUSDT,2025-04-12 09:43:44+00:00,1,139.49,0
61,139.49,0.293,AAVEUSDT,2025-04-12 09:43:44+00:00,1,139.5,1
97,139.5,0.171,AAVEUSDT,2025-04-12 09:43:52+00:00,0,139.47,0
1108,139.47,0.054,AAVEUSDT,2025-04-12 09:43:54+00:00,0,139.47,0
1151,139.47,3.295,AAVEUSDT,2025-04-12 09:43:55+00:00,1,139.47,0
1152,139.47,1.435,AAVEUSDT,2025-04-12 09:43:55+00:00,1,139.47,0
1153,139.47,1.435,AAVEUSDT,2025-04-12 09:43:55+00:00,1,139.47,0
1154,139.47,1.435,AAVEUSDT,2025-04-12 09:43:55+00:00,1,139.48,1
1413,139.48,1.042,AAVEUSDT,2025-04-12 09:44:03+00:00,1,139.48,0
1425,139.48,0.054,AAVEUSDT,2025-04-12 09:44:03+00:00,1,139.48,0
1426,139.48,0.086,AAVEUSDT,2025-04-12 09:44:03+00:00,1,139.48,0
1427,139.48,0.057,AAVEUSDT,2025-04-12 09:44:03+00:00,1,139.48,0
1428,139.48,13.104,AAVEUSDT,2025-04-12 09:44:03+00:00,1,139.51,1
248,139.51,0.154,AAVEUSDT,2025-04-12 09:44:04+00:00,0,139.5,0
1297,139.5,0.079,AAVEUSDT,2025-04-12 09:44:04+00:00,1,139.5,0
1299,139.5,0.073,AAVEUSDT,2025-04-12 09:44:04+00:00,1,139.51,1
1300,139.51,0.006,AAVEUSDT,2025-04-12 09:44:04+00:00,1,139.51,0
1301,139.51,0.079,AAVEUSDT,2025-04-12 09:44:04+00:00,1,139.51,0
1302,139.51,0.065,AAVEUSDT,2025-04-12 09:44:04+00:00,1,139.46,0
1548,139.46,0.137,AAVEUSDT,2025-04-12 09:44:23+00:00,0,139.46,0
1551,139.46,2.0,AAVEUSDT,2025-04-12 09:44:23+00:00,0,139.45,0
1579,139.45,0.153,AAVEUSDT,2025-04-12 09:44:23+00:00,0,139.44,0
1586,139.44,0.169,AAVEUSDT,2025-04-12 09:44:23+00:00,0,139.43,0
1588,139.43,2.42,AAVEUSDT,2025-04-12 09:44:23+00:00,0,139.37,0
564,139.37,0.486,AAVEUSDT,2025-04-12 09:44:26+00:00,0,139.37,0
565,139.37,0.072,AAVEUSDT,2025-04-12 09:44:26+00:00,0,139.37,0
566,139.37,0.764,AAVEUSDT,2025-04-12 09:44:26+00:00,0,139.37,0
567,139.37,0.678,AAVEUSDT,2025-04-12 09:44:26+00:00,0,139.31,0
2016,139.31,0.162,AAVEUSDT,2025-04-12 09:45:02+00:00,1,139.32,1
2094,139.32,0.162,AAVEUSDT,2025-04-12 09:45:03+00:00,1,139.32,0
2095,139.32,0.411,AAVEUSDT,2025-04-12 09:45:03+00:00,1,139.32,0
2097,139.32,0.749,AAVEUSDT,2025-04-12 09:45:03+00:00,1,139.32,0
2098,139.32,0.678,AAVEUSDT,2025-04-12 09:45:03+00:00,1,139.32,0
2099,139.32,0.382,AAVEUSDT,2025-04-12 09:45:03+00:00,1,139.31,0
911,139.31,0.107,AAVEUSDT,2025-04-12 09:45:07+00:00,1,139.31,0
2328,139.31,1.929,AAVEUSDT,2025-04-12 09:45:11+00:00,1,139.32,1
2350,139.32,0.162,AAVEUSDT,2025-04-12 09:45:11+00:00,1,139.33,1
2352,139.33,0.079,AAVEUSDT,2025-04-12 09:45:11+00:00,1,139.34,1
2528,139.34,0.138,AAVEUSDT,2025-04-12 09:45:12+00:00,0,139.33,0
2590,139.33,0.122,AAVEUSDT,2025-04-12 09:45:20+00:00,0,139.27,0
3034,139.27,0.08,AAVEUSDT,2025-04-12 09:45:33+00:00,1,139.29,1
3110,139.29,0.06,AAVEUSDT,2025-04-12 09:45:34+00:00,1,139.29,0
3111,139.29,0.06,AAVEUSDT,2025-04-12 09:45:34+00:00,1,139.29,0
3112,139.29,0.017,AAVEUSDT,2025-04-12 09:45:34+00:00,1,139.28,0
3425,139.28,0.06,AAVEUSDT,2025-04-12 09:45:57+00:00,1,139.28,0
3426,139.28,0.058,AAVEUSDT,2025-04-12 09:45:57+00:00,1,139.28,0
3427,139.28,0.02,AAVEUSDT,2025-04-12 09:45:57+00:00,1,139.31,1
3584,139.31,0.085,AAVEUSDT,2025-04-12 09:46:03+00:00,0,139.31,0
3585,139.31,0.087,AAVEUSDT,2025-04-12 09:46:03+00:00,0,139.31,0
3586,139.31,0.087,AAVEUSDT,2025-04-12 09:46:03+00:00,0,139.31,0
3587,139.31,0.087,AAVEUSDT,2025-04-12 09:46:03+00:00,0,139.31,0
3588,139.31,0.087,AAVEUSDT,2025-04-12 09:46:03+00:00,0,139.3,0
3666,139.3,0.137,AAVEUSDT,2025-04-12 09:46:06+00:00,0,139.29,0
3690,139.29,0.148,AAVEUSDT,2025-04-12 09:46:08+00:00,0,139.28,0
3691,139.28,0.165,AAVEUSDT,2025-04-12 09:46:08+00:00,0,139.27,0
3787,139.27,0.094,AAVEUSDT,2025-04-12 09:46:14+00:00,1,139.28,1
3932,139.28,0.062,AAVEUSDT,2025-04-12 09:46:16+00:00,1,139.28,0
3933,139.28,0.062,AAVEUSDT,2025-04-12 09:46:16+00:00,1,139.28,0
3934,139.28,0.044,AAVEUSDT,2025-04-12 09:46:16+00:00,1,139.29,1
3952,139.29,0.165,AAVEUSDT,2025-04-12 09:46:16+00:00,1,139.3,1
3967,139.3,0.057,AAVEUSDT,2025-04-12 09:46:16+00:00,1,139.3,0
3971,139.3,0.081,AAVEUSDT,2025-04-12 09:46:16+00:00,1,139.3,0
3973,139.3,0.011,AAVEUSDT,2025-04-12 09:46:16+00:00,1,139.36,1
4415,139.36,0.057,AAVEUSDT,2025-04-12 09:46:23+00:00,0,139.36,0
4416,139.36,0.073,AAVEUSDT,2025-04-12 09:46:23+00:00,0,139.36,0
4417,139.36,0.021,AAVEUSDT,2025-04-12 09:46:23+00:00,0,139.35,0
4418,139.35,0.036,AAVEUSDT,2025-04-12 09:46:23+00:00,0,139.35,0
4583,139.35,0.116,AAVEUSDT,2025-04-12 09:46:25+00:00,0,139.35,0
4584,139.35,0.047,AAVEUSDT,2025-04-12 09:46:25+00:00,0,139.3,0
4836,139.3,0.172,AAVEUSDT,2025-04-12 09:46:27+00:00,0,139.3,0
120,0.6331,7.89,ADAUSDT,2025-04-12 09:43:50+00:00,1,0.633,0
117,0.633,9.54,ADAUSDT,2025-04-12 09:43:53+00:00,0,0.633,0
1103,0.633,776.55,ADAUSDT,2025-04-12 09:43:54+00:00,0,0.6332,1
1198,0.6332,7.89,ADAUSDT,2025-04-12 09:43:57+00:00,1,0.6333,1
404,0.6333,699.4,ADAUSDT,2025-04-12 09:44:07+00:00,1,0.6333,0
405,0.6333,880.87,ADAUSDT,2025-04-12 09:44:07+00:00,1,0.6332,0
1624,0.6332,79.6,ADAUSDT,2025-04-12 09:44:23+00:00,1,0.6331,0
651,0.6331,23.69,ADAUSDT,2025-04-12 09:44:36+00:00,1,0.6331,0
1931,0.6331,18.11,ADAUSDT,2025-04-12 09:44:57+00:00,1,0.6331,0
2015,0.6331,790.2,ADAUSDT,2025-04-12 09:45:02+00:00,1,0.6331,0
2264,0.6331,267.31,ADAUSDT,2025-04-12 09:45:11+00:00,1,0.6331,0
2495,0.6331,315.9,ADAUSDT,2025-04-12 09:45:12+00:00,1,0.6329,0
2571,0.6329,79.6,ADAUSDT,2025-04-12 09:45:14+00:00,1,0.6329,0
2572,0.6329,412.76,ADAUSDT,2025-04-12 09:45:14+00:00,1,0.6329,0
2573,0.6329,316.04,ADAUSDT,2025-04-12 09:45:14+00:00,1,0.6329,0
2574,0.6329,316.04,ADAUSDT,2025-04-12 09:45:14+00:00,1,0.6329,0
2575,0.6329,316.04,ADAUSDT,2025-04-12 09:45:14+00:00,1,0.6329,0
2576,0.6329,44.52,ADAUSDT,2025-04-12 09:45:14+00:00,1,0.6329,0
2577,0.6329,271.52,ADAUSDT,2025-04-12 09:45:14+00:00,1,0.6325,0
2938,0.6325,699.4,ADAUSDT,2025-04-12 09:45:33+00:00,1,0.6326,1
3095,0.6326,7.91,ADAUSDT,2025-04-12 09:45:34+00:00,1,0.6328,1
3106,0.6328,18.16,ADAUSDT,2025-04-12 09:45:34+00:00,1,0.6329,1
3160,0.6329,39.37,ADAUSDT,2025-04-12 09:45:39+00:00,1,0.6328,0
3169,0.6328,1485.0,ADAUSDT,2025-04-12 09:45:44+00:00,0,0.6328,0
3170,0.6328,2000.0,ADAUSDT,2025-04-12 09:45:44+00:00,0,0.6328,0
3171,0.6328,11801.92,ADAUSDT,2025-04-12 09:45:44+00:00,0,0.6328,0
3172,0.6328,16182.54,ADAUSDT,2025-04-12 09:45:44+00:00,0,0.6327,0
3173,0.6327,1039.59,ADAUSDT,2025-04-12 09:45:44+00:00,0,0.6327,0
3174,0.6327,1485.0,ADAUSDT,2025-04-12 09:45:44+00:00,0,0.6327,0
3175,0.6327,1363.37,ADAUSDT,2025-04-12 09:45:44+00:00,0,0.6327,0
3176,0.6327,790.57,ADAUSDT,2025-04-12 09:45:44+00:00,0,0.6327,0
3177,0.6327,911.13,ADAUSDT,2025-04-12 09:45:44+00:00,0,0.6327,0
3178,0.6327,1485.0,ADAUSDT,2025-04-12 09:45:44+00:00,0,0.6327,0
3179,0.6327,17766.65,ADAUSDT,2025-04-12 09:45:44+00:00,0,0.6327,0
3180,0.6327,5266.65,ADAUSDT,2025-04-12 09:45:44+00:00,0,0.6327,0
3181,0.6327,5266.65,ADAUSDT,2025-04-12 09:45:44+00:00,0,0.6327,0
3182,0.6327,5266.65,ADAUSDT,2025-04-12 09:45:44+00:00,0,0.6327,0
3183,0.6327,5266.65,ADAUSDT,2025-04-12 09:45:44+00:00,0,0.6327,0
3184,0.6327,5266.65,ADAUSDT,2025-04-12 09:45:44+00:00,0,0.6327,0
3185,0.6327,17355.98,ADAUSDT,2025-04-12 09:45:44+00:00,0,0.6328,1
3228,0.6328,79.6,ADAUSDT,2025-04-12 09:45:46+00:00,1,0.6327,0
3272,0.6327,1485.0,ADAUSDT,2025-04-12 09:45:49+00:00,0,0.6327,0
3273,0.6327,669.16,ADAUSDT,2025-04-12 09:45:49+00:00,0,0.6327,0
3241,0.6327,157.95,ADAUSDT,2025-04-12 09:45:52+00:00,1,0.6329,1
3557,0.6329,98.93,ADAUSDT,2025-04-12 09:46:04+00:00,0,0.633,1
3610,0.633,7.9,ADAUSDT,2025-04-12 09:46:04+00:00,1,0.633,0
3611,0.633,1658.9,ADAUSDT,2025-04-12 09:46:04+00:00,1,0.633,0
3651,0.633,15.8,ADAUSDT,2025-04-12 09:46:05+00:00,0,0.633,0
3652,0.633,304.23,ADAUSDT,2025-04-12 09:46:05+00:00,0,0.633,0
3654,0.633,960.09,ADAUSDT,2025-04-12 09:46:05+00:00,0,0.6329,0
3667,0.6329,359.52,ADAUSDT,2025-04-12 09:46:06+00:00,0,0.6329,0
3671,0.6329,359.52,ADAUSDT,2025-04-12 09:46:06+00:00,0,0.6332,1
4004,0.6332,600.32,ADAUSDT,2025-04-12 09:46:16+00:00,1,0.6333,1
4458,0.6333,1264.32,ADAUSDT,2025-04-12 09:46:25+00:00,0,0.6333,0
4459,0.6333,173.81,ADAUSDT,2025-04-12 09:46:25+00:00,0,0.6333,0
4460,0.6333,1485.0,ADAUSDT,2025-04-12 09:46:25+00:00,0,0.6333,0
4461,0.6333,17766.65,ADAUSDT,2025-04-12 09:46:25+00:00,0,0.6333,0
4462,0.6333,16182.54,ADAUSDT,2025-04-12 09:46:25+00:00,0,0.6333,0
4463,0.6333,11801.92,ADAUSDT,2025-04-12 09:46:25+00:00,0,0.6332,0
4464,0.6332,1485.0,ADAUSDT,2025-04-12 09:46:25+00:00,0,0.6332,0
4465,0.6332,1485.0,ADAUSDT,2025-04-12 09:46:25+00:00,0,0.6332,0
4466,0.6332,11.85,ADAUSDT,2025-04-12 09:46:25+00:00,0,0.6332,0
4467,0.6332,62.59,ADAUSDT,2025-04-12 09:46:25+00:00,0,0.6332,0
4468,0.6332,7.9,ADAUSDT,2025-04-12 09:46:25+00:00,0,0.6332,0
4469,0.6332,911.13,ADAUSDT,2025-04-12 09:46:25+00:00,0,0.6332,0
4470,0.6332,445.99,ADAUSDT,2025-04-12 09:46:25+00:00,0,0.6332,0
4471,0.6332,21.39,ADAUSDT,2025-04-12 09:46:25+00:00,0,0.6332,0
4472,0.6332,312.16,ADAUSDT,2025-04-12 09:46:25+00:00,0,0.6332,0
4473,0.6332,16182.54,ADAUSDT,2025-04-12 09:46:25+00:00,0,0.6332,0
4474,0.6332,5262.49,ADAUSDT,2025-04-12 09:46:25+00:00,0,0.6332,0
4475,0.6332,5262.49,ADAUSDT,2025-04-12 09:46:25+00:00,0,0.6332,0
4476,0.6332,5262.49,ADAUSDT,2025-04-12 09:46:25+00:00,0,0.6332,0
4477,0.6332,5262.49,ADAUSDT,2025-04-12 09:46:25+00:00,0,0.6332,0
4478,0.6332,5262.49,ADAUSDT,2025-04-12 09:46:25+00:00,0,0.6332,0
4479,0.6332,4087.76,ADAUSDT,2025-04-12 09:46:25+00:00,0,0.6332,0
4550,0.6332,1485.0,ADAUSDT,2025-04-12 09:46:25+00:00,0,0.6331,0
4591,0.6331,11.85,ADAUSDT,2025-04-12 09:46:25+00:00,0,0.633,0
4894,0.633,11.85,ADAUSDT,2025-04-12 09:46:27+00:00,0,0.633,0
4895,0.633,11.85,ADAUSDT,2025-04-12 09:46:27+00:00,0,0.633,0
4896,0.633,438.2,ADAUSDT,2025-04-12 09:46:27+00:00,0,0.633,0
4897,0.633,1046.8,ADAUSDT,2025-04-12 09:46:27+00:00,0,0.633,0
4898,0.633,312.16,ADAUSDT,2025-04-12 09:46:27+00:00,0,0.633,0
4899,0.633,692.76,ADAUSDT,2025-04-12 09:46:27+00:00,0,0.633,0
4900,0.633,173.81,ADAUSDT,2025-04-12 09:46:27+00:00,0,0.6329,0
4667,0.6329,326.86,ADAUSDT,2025-04-12 09:46:28+00:00,0,0.6328,0
4668,0.6328,11.85,ADAUSDT,2025-04-12 09:46:28+00:00,0,0.6328,0
4669,0.6328,7.91,ADAUSDT,2025-04-12 09:46:28+00:00,0,0.6328,0
4670,0.6328,1485.0,ADAUSDT,2025-04-12 09:46:28+00:00,0,0.6328,0
4671,0.6328,1485.0,ADAUSDT,2025-04-12 09:46:28+00:00,0,0.6328,0
4672,0.6328,692.76,ADAUSDT,2025-04-12 09:46:28+00:00,0,0.6328,0
4673,0.6328,312.16,ADAUSDT,2025-04-12 09:46:28+00:00,0,0.6328,0
4674,0.6328,229.14,ADAUSDT,2025-04-12 09:46:28+00:00,0,0.6328,0
4675,0.6328,326.86,ADAUSDT,2025-04-12 09:46:28+00:00,0,0.6327,0
4715,0.6327,1485.0,ADAUSDT,2025-04-12 09:46:28+00:00,0,0.6327,0
4716,0.6327,11.86,ADAUSDT,2025-04-12 09:46:28+00:00,0,0.6327,0
4717,0.6327,11.85,ADAUSDT,2025-04-12 09:46:28+00:00,0,0.6327,0
4718,0.6327,1485.0,ADAUSDT,2025-04-12 09:46:28+00:00,0,0.6327,0
4719,0.6327,2421.12,ADAUSDT,2025-04-12 09:46:28+00:00,0,0.6329,1
4840,0.6329,911.13,ADAUSDT,2025-04-12 09:46:28+00:00,0,0.6329,0
4841,0.6329,11.85,ADAUSDT,2025-04-12 09:46:28+00:00,0,0.6329,0
4842,0.6329,486.2,ADAUSDT,2025-04-12 09:46:28+00:00,0,0.6329,0
4843,0.6329,2363.92,ADAUSDT,2025-04-12 09:46:28+00:00,0,0.6329,0
4844,0.6329,1485.0,ADAUSDT,2025-04-12 09:46:28+00:00,0,0.6329,0
4845,0.6329,312.16,ADAUSDT,2025-04-12 09:46:28+00:00,0,0.6329,0
4846,0.6329,692.76,ADAUSDT,2025-04-12 09:46:28+00:00,0,0.6329,0
4847,0.6329,1485.0,ADAUSDT,2025-04-12 09:46:28+00:00,0,0.6326,0
4903,0.6326,11.86,ADAUSDT,2025-04-12 09:46:28+00:00,0,0.6326,0
4904,0.6326,0.28,ADAUSDT,2025-04-12 09:46:28+00:00,0,0.6326,0
4743,0.6326,31.59,ADAUSDT,2025-04-12 09:46:31+00:00,0,0.6326,0
4744,0.6326,2421.69,ADAUSDT,2025-04-12 09:46:31+00:00,0,0.6326,0
4745,0.6326,401.0,ADAUSDT,2025-04-12 09:46:31+00:00,0,0.6326,0
4746,0.6326,312.16,ADAUSDT,2025-04-12 09:46:31+00:00,0,0.6326,0
4747,0.6326,79.02,ADAUSDT,2025-04-12 09:46:31+00:00,0,0.6326,0
1818,0.793,337.5,AGLDUSDT,2025-04-12 09:44:42+00:00,0,0.792,0
1819,0.792,247.83,AGLDUSDT,2025-04-12 09:44:42+00:00,0,0.792,0
1820,0.792,172.57,AGLDUSDT,2025-04-12 09:44:42+00:00,0,0.793,1
2917,0.793,357.48,AGLDUSDT,2025-04-12 09:45:33+00:00,0,0.793,0
43,0.1828,40.17,ALGOUSDT,2025-04-12 09:43:37+00:00,1,0.1828,0
1074,0.1828,19.13,ALGOUSDT,2025-04-12 09:43:43+00:00,1,0.1827,0
1137,0.1827,3577.35,ALGOUSDT,2025-04-12 09:43:54+00:00,0,0.1827,0
1185,0.1827,3600.0,ALGOUSDT,2025-04-12 09:43:56+00:00,1,0.1827,0
462,0.1827,821.01,ALGOUSDT,2025-04-12 09:44:16+00:00,0,0.1827,0
422,0.1827,54.73,ALGOUSDT,2025-04-12 09:44:17+00:00,0,0.1827,0
615,0.1827,88.23,ALGOUSDT,2025-04-12 09:44:29+00:00,1,0.1826,0
3600,0.1826,3600.0,ALGOUSDT,2025-04-12 09:46:03+00:00,1,0.1826,0
3601,0.1826,761.8,ALGOUSDT,2025-04-12 09:46:03+00:00,1,0.1827,1
3845,0.1827,491.04,ALGOUSDT,2025-04-12 09:46:16+00:00,1,0.1827,0
4659,0.017,941.0,ANKRUSDT,2025-04-12 09:46:28+00:00,0,0.017,0
4660,0.017,941.0,ANKRUSDT,2025-04-12 09:46:28+00:00,0,0.017,0
4661,0.017,941.0,ANKRUSDT,2025-04-12 09:46:28+00:00,0,0.017,0
4662,0.017,941.0,ANKRUSDT,2025-04-12 09:46:28+00:00,0,0.017,0
4663,0.017,941.0,ANKRUSDT,2025-04-12 09:46:28+00:00,0,0.017,0
4664,0.017,941.0,ANKRUSDT,2025-04-12 09:46:28+00:00,0,0.017,0
4665,0.017,941.0,ANKRUSDT,2025-04-12 09:46:28+00:00,0,0.017,0
115,4.236,49.5,ATOMUSDT,2025-04-12 09:43:53+00:00,0,4.236,0
145,4.236,1.772,ATOMUSDT,2025-04-12 09:43:59+00:00,1,4.237,1
990,4.237,244.656,ATOMUSDT,2025-04-12 09:45:08+00:00,1,4.237,0
991,4.237,74.25,ATOMUSDT,2025-04-12 09:45:08+00:00,1,4.237,0
992,4.237,5.665,ATOMUSDT,2025-04-12 09:45:08+00:00,1,4.238,1
976,4.238,1.771,ATOMUSDT,2025-04-12 09:45:09+00:00,1,4.239,1
2257,4.239,50.0,ATOMUSDT,2025-04-12 09:45:11+00:00,1,4.236,0
2860,4.236,74.25,ATOMUSDT,2025-04-12 09:45:29+00:00,0,4.235,0
2901,4.235,59.652,ATOMUSDT,2025-04-12 09:45:33+00:00,0,4.235,0
2902,4.235,14.598,ATOMUSDT,2025-04-12 09:45:33+00:00,0,4.235,0
2908,4.235,74.25,ATOMUSDT,2025-04-12 09:45:33+00:00,0,4.235,0
2909,4.235,51.272,ATOMUSDT,2025-04-12 09:45:33+00:00,0,4.234,0
3260,4.234,2.731,ATOMUSDT,2025-04-12 09:45:50+00:00,0,4.234,0
3261,4.234,1.861,ATOMUSDT,2025-04-12 09:45:50+00:00,0,4.233,0
1134,19.09,1.627,AVAXUSDT,2025-04-12 09:43:54+00:00,0,19.09,0
1135,19.09,0.114,AVAXUSDT,2025-04-12 09:43:54+00:00,0,19.09,0
1136,19.09,1.375,AVAXUSDT,2025-04-12 09:43:54+00:00,0,19.09,0
1411,19.09,1.751,AVAXUSDT,2025-04-12 09:44:03+00:00,1,19.09,0
1412,19.09,15.475,AVAXUSDT,2025-04-12 09:44:03+00:00,1,19.1,1
1607,19.1,1.465,AVAXUSDT,2025-04-12 09:44:23+00:00,0,19.1,0
1608,19.1,0.103,AVAXUSDT,2025-04-12 09:44:23+00:00,0,19.09,0
1788,19.09,0.921,AVAXUSDT,2025-04-12 09:44:33+00:00,0,19.09,0
899,19.09,1.742,AVAXUSDT,2025-04-12 09:45:05+00:00,0,19.09,0
900,19.09,54.0,AVAXUSDT,2025-04-12 09:45:05+00:00,0,19.09,0
901,19.09,73.544,AVAXUSDT,2025-04-12 09:45:05+00:00,0,19.09,0
2903,19.09,3.925,AVAXUSDT,2025-04-12 09:45:33+00:00,0,19.09,0
2906,19.09,0.823,AVAXUSDT,2025-04-12 09:45:33+00:00,0,19.09,0
3598,19.09,1.891,AVAXUSDT,2025-04-12 09:46:03+00:00,1,19.1,1
3950,19.1,1.908,AVAXUSDT,2025-04-12 09:46:16+00:00,1,19.1,0
3951,19.1,75.599,AVAXUSDT,2025-04-12 09:46:16+00:00,1,19.1,0
4585,19.1,1.53,AVAXUSDT,2025-04-12 09:46:25+00:00,0,19.1,0
4586,19.1,4.727,AVAXUSDT,2025-04-12 09:46:25+00:00,0,19.1,0
1965,2.31,3.41,AXSUSDT,2025-04-12 09:45:02+00:00,0,2.31,0
1971,2.31,3.64,AXSUSDT,2025-04-12 09:45:02+00:00,0,2.308,0
943,2.308,47.25,AXSUSDT,2025-04-12 09:45:10+00:00,0,2.308,0
944,2.308,28.13,AXSUSDT,2025-04-12 09:45:10+00:00,0,2.309,1
2827,2.309,3.41,AXSUSDT,2025-04-12 09:45:25+00:00,0,2.309,0
2828,2.309,3.41,AXSUSDT,2025-04-12 09:45:25+00:00,0,2.309,0
2829,2.309,3.41,AXSUSDT,2025-04-12 09:45:25+00:00,0,2.309,0
2830,2.309,6.28,AXSUSDT,2025-04-12 09:45:25+00:00,0,2.309,0
2831,2.309,3.41,AXSUSDT,2025-04-12 09:45:25+00:00,0,2.309,0
2832,2.309,3.41,AXSUSDT,2025-04-12 09:45:25+00:00,0,2.309,0
2833,2.309,4.02,AXSUSDT,2025-04-12 09:45:25+00:00,0,2.309,0
582,313.5,0.163,BCHUSDT,2025-04-12 09:44:32+00:00,0,313.5,0
583,313.5,0.02,BCHUSDT,2025-04-12 09:44:32+00:00,0,313.5,0
584,313.5,0.157,BCHUSDT,2025-04-12 09:44:32+00:00,0,313.5,0
585,313.5,0.165,BCHUSDT,2025-04-12 09:44:32+00:00,0,313.5,0
2905,313.5,0.148,BCHUSDT,2025-04-12 09:45:33+00:00,0,313.4,0
3045,313.4,0.162,BCHUSDT,2025-04-12 09:45:33+00:00,0,313.4,0
3046,313.4,0.019,BCHUSDT,2025-04-12 09:45:33+00:00,0,313.4,0
1490,0.07212,104.03,BOBAUSDT,2025-04-12 09:44:10+00:00,1,0.07213,1
1491,0.07213,104.01,BOBAUSDT,2025-04-12 09:44:10+00:00,1,0.07214,1
1492,0.07214,104.03,BOBAUSDT,2025-04-12 09:44:10+00:00,1,0.07214,0
1493,0.07214,1.26,BOBAUSDT,2025-04-12 09:44:10+00:00,1,0.07211,0
977,0.07211,104.05,BOBAUSDT,2025-04-12 09:45:10+00:00,1,0.07212,1
978,0.07212,104.04,BOBAUSDT,2025-04-12 09:45:10+00:00,1,0.07212,0
979,0.07212,10.83,BOBAUSDT,2025-04-12 09:45:10+00:00,1,0.07205,0
2586,0.07205,145.56,BOBAUSDT,2025-04-12 09:45:11+00:00,1,0.07204,0
3721,0.07204,104.14,BOBAUSDT,2025-04-12 09:46:10+00:00,1,0.07205,1
3722,0.07205,104.13,BOBAUSDT,2025-04-12 09:46:10+00:00,1,0.07205,0
3723,0.07205,135.24,BOBAUSDT,2025-04-12 09:46:10+00:00,1,0.07198,0
3825,0.07198,190.24,BOBAUSDT,2025-04-12 09:46:13+00:00,0,0.07195,0
4093,0.07195,191.25,BOBAUSDT,2025-04-12 09:46:18+00:00,0,0.07192,0
4380,0.07192,141.28,BOBAUSDT,2025-04-12 09:46:22+00:00,0,0.07192,0
4382,0.07192,51.72,BOBAUSDT,2025-04-12 09:46:22+00:00,0,0.07188,0
4383,0.07188,104.3,BOBAUSDT,2025-04-12 09:46:22+00:00,0,0.07187,0
1037,83582.6,0.067422,BTCUSDT,2025-04-12 09:43:31+00:00,0,83582.6,0
1038,83582.6,0.032578,BTCUSDT,2025-04-12 09:43:31+00:00,0,83582.6,0
1039,83582.6,0.001795,BTCUSDT,2025-04-12 09:43:31+00:00,0,83582.6,0
1040,83582.6,0.005984,BTCUSDT,2025-04-12 09:43:31+00:00,0,83582.6,0
1041,83582.6,0.005984,BTCUSDT,2025-04-12 09:43:31+00:00,0,83582.6,0
1042,83582.6,0.005984,BTCUSDT,2025-04-12 09:43:31+00:00,0,83582.6,0
1043,83582.6,0.005984,BTCUSDT,2025-04-12 09:43:31+00:00,0,83582.6,0
1044,83582.6,0.005984,BTCUSDT,2025-04-12 09:43:31+00:00,0,83582.6,0
1045,83582.6,0.005984,BTCUSDT,2025-04-12 09:43:31+00:00,0,83582.6,0
1046,83582.6,0.005984,BTCUSDT,2025-04-12 09:43:31+00:00,0,83582.6,0
1047,83582.6,0.001,BTCUSDT,2025-04-12 09:43:31+00:00,0,83582.6,0
1048,83582.6,0.029938,BTCUSDT,2025-04-12 09:43:31+00:00,0,83582.6,0
4,83582.6,0.001448,BTCUSDT,2025-04-12 09:43:32+00:00,0,83582.6,0
5,83582.6,0.001752,BTCUSDT,2025-04-12 09:43:32+00:00,0,83582.6,0
7,83582.6,0.004232,BTCUSDT,2025-04-12 09:43:32+00:00,0,83582.6,0
8,83582.6,0.005984,BTCUSDT,2025-04-12 09:43:32+00:00,0,83582.6,0
9,83582.6,0.01,BTCUSDT,2025-04-12 09:43:32+00:00,0,83582.6,0
10,83582.6,0.007684,BTCUSDT,2025-04-12 09:43:32+00:00,0,83582.6,0
27,83582.6,0.002316,BTCUSDT,2025-04-12 09:43:35+00:00,0,83582.6,0
28,83582.6,0.005359,BTCUSDT,2025-04-12 09:43:35+00:00,0,83582.6,0
36,83582.6,0.004695,BTCUSDT,2025-04-12 09:43:36+00:00,0,83582.6,0
41,83582.6,0.010687,BTCUSDT,2025-04-12 09:43:36+00:00,0,83582.7,1
1049,83582.7,0.000153,BTCUSDT,2025-04-12 09:43:38+00:00,1,83582.7,0
1056,83582.7,0.000209,BTCUSDT,2025-04-12 09:43:41+00:00,1,83582.7,0
1057,83582.7,3.4e-05,BTCUSDT,2025-04-12 09:43:41+00:00,1,83582.6,0
1058,83582.6,0.000184,BTCUSDT,2025-04-12 09:43:41+00:00,0,83582.6,0
1073,83582.6,0.015756,BTCUSDT,2025-04-12 09:43:41+00:00,0,83582.7,1
54,83582.7,0.000126,BTCUSDT,2025-04-12 09:43:44+00:00,1,83582.7,0
55,83582.7,0.000472,BTCUSDT,2025-04-12 09:43:44+00:00,1,83582.7,0
76,83582.7,0.005974,BTCUSDT,2025-04-12 09:43:48+00:00,1,83582.6,0
112,83582.6,0.001196,BTCUSDT,2025-04-12 09:43:49+00:00,0,83582.7,1
113,83582.7,0.002374,BTCUSDT,2025-04-12 09:43:50+00:00,1,83582.6,0
118,83582.6,0.001,BTCUSDT,2025-04-12 09:43:52+00:00,0,83582.6,0
1075,83582.6,0.00163,BTCUSDT,2025-04-12 09:43:54+00:00,0,83582.6,0
1076,83582.6,0.000373,BTCUSDT,2025-04-12 09:43:54+00:00,0,83582.6,0
1077,83582.6,0.002393,BTCUSDT,2025-04-12 09:43:54+00:00,0,83582.6,0
1078,83582.6,0.002393,BTCUSDT,2025-04-12 09:43:54+00:00,0,83582.6,0
1079,83582.6,0.001272,BTCUSDT,2025-04-12 09:43:54+00:00,0,83582.6,0
1080,83582.6,0.005983,BTCUSDT,2025-04-12 09:43:54+00:00,0,83582.6,0
1081,83582.6,0.005983,BTCUSDT,2025-04-12 09:43:54+00:00,0,83582.6,0
1082,83582.6,0.005983,BTCUSDT,2025-04-12 09:43:54+00:00,0,83582.6,0
1083,83582.6,0.005983,BTCUSDT,2025-04-12 09:43:54+00:00,0,83582.6,0
1084,83582.6,0.005983,BTCUSDT,2025-04-12 09:43:54+00:00,0,83582.6,0
1085,83582.6,0.005983,BTCUSDT,2025-04-12 09:43:54+00:00,0,83582.6,0
1086,83582.6,0.0006,BTCUSDT,2025-04-12 09:43:54+00:00,0,83582.6,0
1087,83582.6,0.0006,BTCUSDT,2025-04-12 09:43:54+00:00,0,83582.6,0
1088,83582.6,0.01,BTCUSDT,2025-04-12 09:43:54+00:00,0,83582.6,0
1089,83582.6,0.01,BTCUSDT,2025-04-12 09:43:54+00:00,0,83582.6,0
1090,83582.6,0.0006,BTCUSDT,2025-04-12 09:43:54+00:00,0,83582.6,0
1091,83582.6,0.005983,BTCUSDT,2025-04-12 09:43:54+00:00,0,83582.6,0
1092,83582.6,0.036,BTCUSDT,2025-04-12 09:43:54+00:00,0,83582.6,0
1093,83582.6,0.005983,BTCUSDT,2025-04-12 09:43:54+00:00,0,83582.6,0
1094,83582.6,0.0008,BTCUSDT,2025-04-12 09:43:54+00:00,0,83582.6,0
1095,83582.6,0.0006,BTCUSDT,2025-04-12 09:43:54+00:00,0,83581.9,0
1096,83581.9,0.00016,BTCUSDT,2025-04-12 09:43:54+00:00,0,83581.9,0
1097,83581.9,0.01,BTCUSDT,2025-04-12 09:43:54+00:00,0,83581.9,0
1098,83581.9,0.01,BTCUSDT,2025-04-12 09:43:54+00:00,0,83581.1,0
1104,83581.1,0.00016,BTCUSDT,2025-04-12 09:43:54+00:00,0,83581.1,0
1105,83581.1,0.119689,BTCUSDT,2025-04-12 09:43:54+00:00,0,83580.3,0
1109,83580.3,0.002559,BTCUSDT,2025-04-12 09:43:54+00:00,0,83580.2,0
1114,83580.2,0.00016,BTCUSDT,2025-04-12 09:43:54+00:00,0,83580.0,0
1124,83580.0,6e-05,BTCUSDT,2025-04-12 09:43:54+00:00,0,83579.8,0
1125,83579.8,0.000351,BTCUSDT,2025-04-12 09:43:54+00:00,0,83579.4,0
1126,83579.4,0.00016,BTCUSDT,2025-04-12 09:43:54+00:00,0,83579.4,0
1127,83579.4,0.001064,BTCUSDT,2025-04-12 09:43:54+00:00,0,83579.4,0
1129,83579.4,0.001732,BTCUSDT,2025-04-12 09:43:54+00:00,0,83579.1,0
1130,83579.1,0.0015,BTCUSDT,2025-04-12 09:43:54+00:00,0,83578.7,0
1131,83578.7,0.000351,BTCUSDT,2025-04-12 09:43:54+00:00,0,83578.6,0
1132,83578.6,0.00016,BTCUSDT,2025-04-12 09:43:54+00:00,0,83578.6,0
1133,83578.6,0.0008,BTCUSDT,2025-04-12 09:43:54+00:00,0,83578.1,0
1144,83578.1,0.000213,BTCUSDT,2025-04-12 09:43:54+00:00,0,83578.1,0
1145,83578.1,0.01,BTCUSDT,2025-04-12 09:43:54+00:00,0,83578.1,0
1146,83578.1,0.01,BTCUSDT,2025-04-12 09:43:54+00:00,0,83578.1,0
1147,83578.1,0.02987,BTCUSDT,2025-04-12 09:43:54+00:00,0,83578.1,0
1148,83578.1,0.07013,BTCUSDT,2025-04-12 09:43:54+00:00,0,83578.1,0
1149,83578.1,0.030101,BTCUSDT,2025-04-12 09:43:54+00:00,0,83582.6,1
1193,83582.6,0.0006,BTCUSDT,2025-04-12 09:43:54+00:00,0,83582.6,0
1194,83582.6,0.00039,BTCUSDT,2025-04-12 09:43:54+00:00,0,83578.2,0
1179,83578.2,0.000119,BTCUSDT,2025-04-12 09:43:56+00:00,1,83578.2,0
1180,83578.2,1.2e-05,BTCUSDT,2025-04-12 09:43:56+00:00,1,83578.1,0
1181,83578.1,0.006028,BTCUSDT,2025-04-12 09:43:56+00:00,0,83578.1,0
1182,83578.1,0.012204,BTCUSDT,2025-04-12 09:43:56+00:00,0,83578.1,0
1186,83578.1,0.009101,BTCUSDT,2025-04-12 09:43:56+00:00,0,83578.2,1
1191,83578.2,0.000403,BTCUSDT,2025-04-12 09:43:56+00:00,1,83578.1,0
197,83578.1,0.02,BTCUSDT,2025-04-12 09:43:57+00:00,0,83578.2,1
1391,83578.2,0.001196,BTCUSDT,2025-04-12 09:44:01+00:00,1,83578.1,0
1408,83578.1,0.00015,BTCUSDT,2025-04-12 09:44:01+00:00,0,83578.2,1
1447,83578.2,1.1e-05,BTCUSDT,2025-04-12 09:44:01+00:00,1,83578.1,0
1449,83578.1,0.017958,BTCUSDT,2025-04-12 09:44:01+00:00,0,83578.2,1
1443,83578.2,1.1e-05,BTCUSDT,2025-04-12 09:44:02+00:00,1,83593.0,1
234,83593.0,0.01017,BTCUSDT,2025-04-12 09:44:04+00:00,0,83593.0,0
246,83593.0,0.0006,BTCUSDT,2025-04-12 09:44:04+00:00,0,83593.0,0
256,83593.0,0.01,BTCUSDT,2025-04-12 09:44:04+00:00,0,83593.0,0
257,83593.0,0.0012,BTCUSDT,2025-04-12 09:44:04+00:00,0,83593.0,0
276,83593.0,0.0088,BTCUSDT,2025-04-12 09:44:04+00:00,0,83593.0,0
277,83593.0,0.005983,BTCUSDT,2025-04-12 09:44:04+00:00,0,83593.0,0
278,83593.0,0.005983,BTCUSDT,2025-04-12 09:44:04+00:00,0,83593.0,0
279,83593.0,0.005983,BTCUSDT,2025-04-12 09:44:04+00:00,0,83593.0,0
280,83593.0,0.005982,BTCUSDT,2025-04-12 09:44:04+00:00,0,83593.0,0
281,83593.0,0.005982,BTCUSDT,2025-04-12 09:44:04+00:00,0,83593.0,0
282,83593.0,0.001817,BTCUSDT,2025-04-12 09:44:04+00:00,0,83593.0,0
283,83593.0,0.004165,BTCUSDT,2025-04-12 09:44:04+00:00,0,83593.0,0
284,83593.0,0.005982,BTCUSDT,2025-04-12 09:44:04+00:00,0,83593.0,0
285,83593.0,0.001,BTCUSDT,2025-04-12 09:44:04+00:00,0,83593.0,0
286,83593.0,0.005982,BTCUSDT,2025-04-12 09:44:04+00:00,0,83593.0,0
287,83593.0,0.0006,BTCUSDT,2025-04-12 09:44:04+00:00,0,83593.0,0
288,83593.0,0.01,BTCUSDT,2025-04-12 09:44:04+00:00,0,83593.0,0
289,83593.0,0.01,BTCUSDT,2025-04-12 09:44:04+00:00,0,83578.2,0
1201,83578.2,0.005983,BTCUSDT,2025-04-12 09:44:04+00:00,1,83578.2,0
1202,83578.2,0.005983,BTCUSDT,2025-04-12 09:44:04+00:00,1,83578.2,0
1203,83578.2,0.005983,BTCUSDT,2025-04-12 09:44:04+00:00,1,83578.2,0
1204,83578.2,0.005983,BTCUSDT,2025-04-12 09:44:04+00:00,1,83578.2,0
1205,83578.2,0.005983,BTCUSDT,2025-04-12 09:44:04+00:00,1,83578.2,0
1206,83578.2,0.005983,BTCUSDT,2025-04-12 09:44:04+00:00,1,83578.2,0
1207,83578.2,0.005983,BTCUSDT,2025-04-12 09:44:04+00:00,1,83578.2,0
1208,83578.2,0.005983,BTCUSDT,2025-04-12 09:44:04+00:00,1,83578.2,0
1209,83578.2,0.001,BTCUSDT,2025-04-12 09:44:04+00:00,1,83578.2,0
1210,83578.2,0.0008,BTCUSDT,2025-04-12 09:44:04+00:00,1,83578.2,0
1211,83578.2,0.008636,BTCUSDT,2025-04-12 09:44:04+00:00,1,83578.2,0
1220,83578.2,0.001364,BTCUSDT,2025-04-12 09:44:04+00:00,1,83578.2,0
1221,83578.2,0.009996,BTCUSDT,2025-04-12 09:44:04+00:00,1,83578.2,0
1235,83578.2,4e-06,BTCUSDT,2025-04-12 09:44:04+00:00,1,83578.2,0
1236,83578.2,0.009996,BTCUSDT,2025-04-12 09:44:04+00:00,1,83578.2,0
1237,83578.2,4e-06,BTCUSDT,2025-04-12 09:44:04+00:00,1,83579.4,1
1248,83579.4,0.00016,BTCUSDT,2025-04-12 09:44:04+00:00,1,83579.4,0
1250,83579.4,0.00054,BTCUSDT,2025-04-12 09:44:04+00:00,1,83579.4,0
1255,83579.4,0.00946,BTCUSDT,2025-04-12 09:44:04+00:00,1,83579.4,0
1256,83579.4,0.01,BTCUSDT,2025-04-12 09:44:04+00:00,1,83579.4,0
1257,83579.4,0.005983,BTCUSDT,2025-04-12 09:44:04+00:00,1,83579.4,0
1258,83579.4,0.005983,BTCUSDT,2025-04-12 09:44:04+00:00,1,83579.5,1
1259,83579.5,0.001974,BTCUSDT,2025-04-12 09:44:04+00:00,1,83579.5,0
1260,83579.5,7.6e-05,BTCUSDT,2025-04-12 09:44:04+00:00,1,83579.8,1
1261,83579.8,0.000224,BTCUSDT,2025-04-12 09:44:04+00:00,1,83579.8,0
1264,83579.8,0.000127,BTCUSDT,2025-04-12 09:44:04+00:00,1,83580.0,1
1265,83580.0,6e-05,BTCUSDT,2025-04-12 09:44:04+00:00,1,83580.1,1
1266,83580.1,0.000185,BTCUSDT,2025-04-12 09:44:04+00:00,1,83580.2,1
1267,83580.2,0.00016,BTCUSDT,2025-04-12 09:44:04+00:00,1,83580.9,1
1268,83580.9,0.000351,BTCUSDT,2025-04-12 09:44:04+00:00,1,83581.1,1
1269,83581.1,0.00016,BTCUSDT,2025-04-12 09:44:04+00:00,1,83581.1,0
1270,83581.1,0.002557,BTCUSDT,2025-04-12 09:44:04+00:00,1,83581.4,1
1271,83581.4,0.000213,BTCUSDT,2025-04-12 09:44:04+00:00,1,83581.9,1
1272,83581.9,0.00016,BTCUSDT,2025-04-12 09:44:04+00:00,1,83581.9,0
1273,83581.9,0.003201,BTCUSDT,2025-04-12 09:44:04+00:00,1,83582.0,1
1274,83582.0,0.011944,BTCUSDT,2025-04-12 09:44:04+00:00,1,83582.7,1
1275,83582.7,0.00016,BTCUSDT,2025-04-12 09:44:04+00:00,1,83582.7,0
1276,83582.7,0.0008,BTCUSDT,2025-04-12 09:44:04+00:00,1,83582.9,1
1277,83582.9,0.0015,BTCUSDT,2025-04-12 09:44:04+00:00,1,83583.0,1
1278,83583.0,0.000216,BTCUSDT,2025-04-12 09:44:04+00:00,1,83583.4,1
1279,83583.4,0.00061,BTCUSDT,2025-04-12 09:44:04+00:00,1,83583.4,0
1280,83583.4,0.000723,BTCUSDT,2025-04-12 09:44:04+00:00,1,83583.6,1
1281,83583.6,0.00016,BTCUSDT,2025-04-12 09:44:04+00:00,1,83583.9,1
1282,83583.9,0.119685,BTCUSDT,2025-04-12 09:44:04+00:00,1,83584.0,1
1283,83584.0,0.006401,BTCUSDT,2025-04-12 09:44:04+00:00,1,83584.3,1
1284,83584.3,0.0006,BTCUSDT,2025-04-12 09:44:04+00:00,1,83584.3,0
1285,83584.3,0.0006,BTCUSDT,2025-04-12 09:44:04+00:00,1,83584.3,0
1286,83584.3,0.0006,BTCUSDT,2025-04-12 09:44:04+00:00,1,83584.4,1
1287,83584.4,0.00016,BTCUSDT,2025-04-12 09:44:04+00:00,1,83584.8,1
1288,83584.8,0.000211,BTCUSDT,2025-04-12 09:44:04+00:00,1,83585.2,1
1303,83585.2,0.00016,BTCUSDT,2025-04-12 09:44:04+00:00,1,83585.3,1
1304,83585.3,0.000265,BTCUSDT,2025-04-12 09:44:04+00:00,1,83585.4,1
1305,83585.4,0.001375,BTCUSDT,2025-04-12 09:44:04+00:00,1,83585.4,0
1306,83585.4,0.000125,BTCUSDT,2025-04-12 09:44:04+00:00,1,83585.5,1
1307,83585.5,0.009,BTCUSDT,2025-04-12 09:44:04+00:00,1,83585.6,1
1311,83585.6,7e-05,BTCUSDT,2025-04-12 09:44:04+00:00,1,83586.1,1
1312,83586.1,7e-05,BTCUSDT,2025-04-12 09:44:04+00:00,1,83586.1,0
1313,83586.1,0.00016,BTCUSDT,2025-04-12 09:44:04+00:00,1,83586.7,1
1314,83586.7,0.0015,BTCUSDT,2025-04-12 09:44:04+00:00,1,83586.9,1
1315,83586.9,7e-05,BTCUSDT,2025-04-12 09:44:04+00:00,1,83586.9,0
1316,83586.9,0.0008,BTCUSDT,2025-04-12 09:44:04+00:00,1,83586.9,0
1317,83586.9,0.00016,BTCUSDT,2025-04-12 09:44:04+00:00,1,83587.6,1
1318,83587.6,0.001333,BTCUSDT,2025-04-12 09:44:04+00:00,1,83587.7,1
1319,83587.7,0.00016,BTCUSDT,2025-04-12 09:44:04+00:00,1,83587.8,1
1320,83587.8,7e-05,BTCUSDT,2025-04-12 09:44:04+00:00,1,83587.8,0
1321,83587.8,0.0002,BTCUSDT,2025-04-12 09:44:04+00:00,1,83587.8,0
1322,83587.8,0.0002,BTCUSDT,2025-04-12 09:44:04+00:00,1,83587.8,0
1323,83587.8,0.0002,BTCUSDT,2025-04-12 09:44:04+00:00,1,83588.1,1
1324,83588.1,0.000211,BTCUSDT,2025-04-12 09:44:04+00:00,1,83588.1,0
1325,83588.1,0.005982,BTCUSDT,2025-04-12 09:44:04+00:00,1,83588.2,1
1326,83588.2,0.000351,BTCUSDT,2025-04-12 09:44:04+00:00,1,83588.2,0
1327,83588.2,0.000299,BTCUSDT,2025-04-12 09:44:04+00:00,1,83588.2,0
1328,83588.2,0.025606,BTCUSDT,2025-04-12 09:44:04+00:00,1,83588.3,1
1329,83588.3,0.010439,BTCUSDT,2025-04-12 09:44:04+00:00,1,83588.6,1
1330,83588.6,7e-05,BTCUSDT,2025-04-12 09:44:04+00:00,1,83588.6,0
1331,83588.6,0.00016,BTCUSDT,2025-04-12 09:44:04+00:00,1,83589.2,1
1332,83589.2,0.000351,BTCUSDT,2025-04-12 09:44:04+00:00,1,83589.3,1
1333,83589.3,0.023102,BTCUSDT,2025-04-12 09:44:04+00:00,1,83589.4,1
1334,83589.4,7e-05,BTCUSDT,2025-04-12 09:44:04+00:00,1,83589.4,0
1335,83589.4,0.000265,BTCUSDT,2025-04-12 09:44:04+00:00,1,83589.4,0
1336,83589.4,0.00016,BTCUSDT,2025-04-12 09:44:04+00:00,1,83590.0,1
1337,83590.0,6e-05,BTCUSDT,2025-04-12 09:44:04+00:00,1,83590.3,1
1338,83590.3,7e-05,BTCUSDT,2025-04-12 09:44:04+00:00,1,83590.3,0
1339,83590.3,0.000351,BTCUSDT,2025-04-12 09:44:04+00:00,1,83590.3,0
1340,83590.3,0.00016,BTCUSDT,2025-04-12 09:44:04+00:00,1,83590.9,1
1342,83590.9,0.0015,BTCUSDT,2025-04-12 09:44:04+00:00,1,83591.1,1
1344,83591.1,7e-05,BTCUSDT,2025-04-12 09:44:04+00:00,1,83591.1,0
1345,83591.1,0.0008,BTCUSDT,2025-04-12 09:44:04+00:00,1,83591.1,0
1346,83591.1,0.00016,BTCUSDT,2025-04-12 09:44:04+00:00,1,83591.1,0
1347,83591.1,0.000299,BTCUSDT,2025-04-12 09:44:04+00:00,1,83591.2,1
1348,83591.2,0.065701,BTCUSDT,2025-04-12 09:44:04+00:00,1,83591.2,0
1369,83591.2,0.000299,BTCUSDT,2025-04-12 09:44:04+00:00,1,83591.2,0
1370,83591.2,0.01,BTCUSDT,2025-04-12 09:44:04+00:00,1,83591.2,0
1371,83591.2,0.01,BTCUSDT,2025-04-12 09:44:04+00:00,1,83591.2,0
1372,83591.2,0.001795,BTCUSDT,2025-04-12 09:44:04+00:00,1,83591.4,1
1373,83591.4,0.000351,BTCUSDT,2025-04-12 09:44:04+00:00,1,83591.5,1
1374,83591.5,0.000211,BTCUSDT,2025-04-12 09:44:04+00:00,1,83591.5,0
1375,83591.5,0.01,BTCUSDT,2025-04-12 09:44:04+00:00,1,83591.8,1
1376,83591.8,0.001333,BTCUSDT,2025-04-12 09:44:04+00:00,1,83591.9,1
1377,83591.9,0.00016,BTCUSDT,2025-04-12 09:44:04+00:00,1,83592.0,1
1378,83592.0,7e-05,BTCUSDT,2025-04-12 09:44:04+00:00,1,83592.5,1
1379,83592.5,0.000351,BTCUSDT,2025-04-12 09:44:04+00:00,1,83592.6,1
1380,83592.6,0.000119,BTCUSDT,2025-04-12 09:44:04+00:00,1,83592.8,1
1381,83592.8,7e-05,BTCUSDT,2025-04-12 09:44:04+00:00,1,83592.8,0
1382,83592.8,0.00016,BTCUSDT,2025-04-12 09:44:04+00:00,1,83592.3,0
292,83592.3,0.01,BTCUSDT,2025-04-12 09:44:05+00:00,0,83592.3,0
293,83592.3,0.01,BTCUSDT,2025-04-12 09:44:05+00:00,0,83592.3,0
294,83592.3,0.005982,BTCUSDT,2025-04-12 09:44:05+00:00,0,83592.0,0
295,83592.0,7e-05,BTCUSDT,2025-04-12 09:44:05+00:00,0,83591.9,0
296,83591.9,0.00016,BTCUSDT,2025-04-12 09:44:05+00:00,0,83591.4,0
297,83591.4,0.000351,BTCUSDT,2025-04-12 09:44:05+00:00,0,83591.1,0
298,83591.1,0.00016,BTCUSDT,2025-04-12 09:44:05+00:00,0,83591.1,0
299,83591.1,7e-05,BTCUSDT,2025-04-12 09:44:05+00:00,0,83590.3,0
303,83590.3,0.000351,BTCUSDT,2025-04-12 09:44:05+00:00,0,83590.3,0
304,83590.3,7e-05,BTCUSDT,2025-04-12 09:44:05+00:00,0,83590.3,0
305,83590.3,0.00016,BTCUSDT,2025-04-12 09:44:05+00:00,0,83590.3,0
306,83590.3,0.01,BTCUSDT,2025-04-12 09:44:05+00:00,0,83590.3,0
307,83590.3,0.01,BTCUSDT,2025-04-12 09:44:05+00:00,0,83590.0,0
308,83590.0,6e-05,BTCUSDT,2025-04-12 09:44:05+00:00,0,83589.4,0
309,83589.4,7e-05,BTCUSDT,2025-04-12 09:44:05+00:00,0,83589.4,0
310,83589.4,0.00016,BTCUSDT,2025-04-12 09:44:05+00:00,0,83589.2,0
311,83589.2,0.000351,BTCUSDT,2025-04-12 09:44:05+00:00,0,83588.8,0
312,83588.8,0.002557,BTCUSDT,2025-04-12 09:44:05+00:00,0,83588.6,0
313,83588.6,7e-05,BTCUSDT,2025-04-12 09:44:05+00:00,0,83588.6,0
314,83588.6,0.00016,BTCUSDT,2025-04-12 09:44:05+00:00,0,83588.2,0
315,83588.2,0.000351,BTCUSDT,2025-04-12 09:44:05+00:00,0,83588.1,0
316,83588.1,0.000213,BTCUSDT,2025-04-12 09:44:05+00:00,0,83587.8,0
317,83587.8,7e-05,BTCUSDT,2025-04-12 09:44:05+00:00,0,83587.7,0
318,83587.7,0.00016,BTCUSDT,2025-04-12 09:44:05+00:00,0,83587.6,0
319,83587.6,0.001333,BTCUSDT,2025-04-12 09:44:05+00:00,0,83587.1,0
320,83587.1,0.000351,BTCUSDT,2025-04-12 09:44:05+00:00,0,83586.9,0
321,83586.9,7e-05,BTCUSDT,2025-04-12 09:44:05+00:00,0,83586.9,0
322,83586.9,0.0008,BTCUSDT,2025-04-12 09:44:05+00:00,0,83586.9,0
323,83586.9,0.00016,BTCUSDT,2025-04-12 09:44:05+00:00,0,83586.1,0
324,83586.1,7e-05,BTCUSDT,2025-04-12 09:44:05+00:00,0,83586.1,0
325,83586.1,0.00016,BTCUSDT,2025-04-12 09:44:05+00:00,0,83585.5,0
326,83585.5,0.001122,BTCUSDT,2025-04-12 09:44:05+00:00,0,83585.5,0
327,83585.5,0.001122,BTCUSDT,2025-04-12 09:44:05+00:00,0,83585.3,0
328,83585.3,7e-05,BTCUSDT,2025-04-12 09:44:05+00:00,0,83585.3,0
329,83585.3,0.000266,BTCUSDT,2025-04-12 09:44:05+00:00,0,83585.2,0
330,83585.2,0.00016,BTCUSDT,2025-04-12 09:44:05+00:00,0,83585.2,0
331,83585.2,0.000299,BTCUSDT,2025-04-12 09:44:05+00:00,0,83585.1,0
332,83585.1,0.000299,BTCUSDT,2025-04-12 09:44:05+00:00,0,83585.0,0
333,83585.0,0.273591,BTCUSDT,2025-04-12 09:44:05+00:00,0,83585.0,0
335,83585.0,0.027648,BTCUSDT,2025-04-12 09:44:05+00:00,0,83585.0,0
336,83585.0,9.9e-05,BTCUSDT,2025-04-12 09:44:05+00:00,0,83584.8,0
351,83584.8,0.000213,BTCUSDT,2025-04-12 09:44:05+00:00,0,83584.8,0
352,83584.8,0.007,BTCUSDT,2025-04-12 09:44:05+00:00,0,83584.8,0
353,83584.8,0.0008,BTCUSDT,2025-04-12 09:44:05+00:00,0,83584.8,0
354,83584.8,0.000828,BTCUSDT,2025-04-12 09:44:05+00:00,0,83584.6,0
378,83584.6,0.0002,BTCUSDT,2025-04-12 09:44:05+00:00,0,83584.6,0
379,83584.6,0.000174,BTCUSDT,2025-04-12 09:44:05+00:00,0,83584.6,0
389,83584.6,0.002393,BTCUSDT,2025-04-12 09:44:06+00:00,0,83584.6,0
390,83584.6,0.024392,BTCUSDT,2025-04-12 09:44:06+00:00,0,83584.6,0
391,83584.6,0.1,BTCUSDT,2025-04-12 09:44:06+00:00,0,83584.6,0
392,83584.6,0.007,BTCUSDT,2025-04-12 09:44:06+00:00,0,83584.6,0
393,83584.6,0.000176,BTCUSDT,2025-04-12 09:44:06+00:00,0,83584.6,0
394,83584.6,0.082636,BTCUSDT,2025-04-12 09:44:06+00:00,0,83584.6,0
403,83584.6,5e-05,BTCUSDT,2025-04-12 09:44:08+00:00,0,83584.6,0
410,83584.6,0.005974,BTCUSDT,2025-04-12 09:44:08+00:00,0,83584.6,0
419,83584.6,0.000133,BTCUSDT,2025-04-12 09:44:08+00:00,0,83584.6,0
420,83584.6,0.00216,BTCUSDT,2025-04-12 09:44:09+00:00,0,83584.7,1
1515,83584.7,0.000243,BTCUSDT,2025-04-12 09:44:11+00:00,1,83584.6,0
461,83584.6,0.0016,BTCUSDT,2025-04-12 09:44:13+00:00,0,83584.7,1
448,83584.7,0.002368,BTCUSDT,2025-04-12 09:44:15+00:00,1,83584.6,0
472,83584.6,0.005982,BTCUSDT,2025-04-12 09:44:17+00:00,0,83584.6,0
473,83584.6,0.001537,BTCUSDT,2025-04-12 09:44:17+00:00,0,83584.6,0
474,83584.6,0.0006,BTCUSDT,2025-04-12 09:44:17+00:00,0,83584.6,0
475,83584.6,0.0006,BTCUSDT,2025-04-12 09:44:17+00:00,0,83584.6,0
476,83584.6,0.0006,BTCUSDT,2025-04-12 09:44:17+00:00,0,83584.5,0
478,83584.5,8.5e-05,BTCUSDT,2025-04-12 09:44:19+00:00,1,83584.5,0
479,83584.5,0.007,BTCUSDT,2025-04-12 09:44:19+00:00,1,83584.5,0
480,83584.5,0.001922,BTCUSDT,2025-04-12 09:44:19+00:00,1,83584.5,0
481,83584.5,0.002393,BTCUSDT,2025-04-12 09:44:19+00:00,1,83584.5,0
482,83584.5,0.002393,BTCUSDT,2025-04-12 09:44:19+00:00,1,83584.5,0
483,83584.5,0.005983,BTCUSDT,2025-04-12 09:44:19+00:00,1,83584.5,0
484,83584.5,0.005982,BTCUSDT,2025-04-12 09:44:19+00:00,1,83584.5,0
485,83584.5,0.005982,BTCUSDT,2025-04-12 09:44:19+00:00,1,83584.5,0
486,83584.5,0.003371,BTCUSDT,2025-04-12 09:44:19+00:00,1,83584.5,0
487,83584.5,0.005982,BTCUSDT,2025-04-12 09:44:19+00:00,1,83584.5,0
488,83584.5,0.005982,BTCUSDT,2025-04-12 09:44:19+00:00,1,83584.5,0
489,83584.5,0.005982,BTCUSDT,2025-04-12 09:44:19+00:00,1,83584.5,0
490,83584.5,0.01,BTCUSDT,2025-04-12 09:44:19+00:00,1,83584.5,0
491,83584.5,0.005982,BTCUSDT,2025-04-12 09:44:19+00:00,1,83584.5,0
492,83584.5,0.01,BTCUSDT,2025-04-12 09:44:19+00:00,1,83584.5,0
493,83584.5,0.001,BTCUSDT,2025-04-12 09:44:19+00:00,1,83584.5,0
494,83584.5,0.1,BTCUSDT,2025-04-12 09:44:19+00:00,1,83584.5,0
495,83584.5,0.120487,BTCUSDT,2025-04-12 09:44:19+00:00,1,83584.7,1
496,83584.7,0.000188,BTCUSDT,2025-04-12 09:44:19+00:00,1,83584.7,0
497,83584.7,0.0008,BTCUSDT,2025-04-12 09:44:19+00:00,1,83584.5,0
518,83584.5,7.1e-05,BTCUSDT,2025-04-12 09:44:19+00:00,1,83586.0,1
1751,83586.0,0.001481,BTCUSDT,2025-04-12 09:44:22+00:00,0,83586.0,0
1518,83586.0,0.025,BTCUSDT,2025-04-12 09:44:23+00:00,0,83586.0,0
1653,83586.0,0.1,BTCUSDT,2025-04-12 09:44:23+00:00,0,83586.0,0
1654,83586.0,0.01,BTCUSDT,2025-04-12 09:44:23+00:00,0,83586.0,0
1655,83586.0,0.01,BTCUSDT,2025-04-12 09:44:23+00:00,0,83586.0,0
1656,83586.0,0.017977,BTCUSDT,2025-04-12 09:44:23+00:00,0,83586.0,0
1657,83586.0,0.001,BTCUSDT,2025-04-12 09:44:23+00:00,0,83586.0,0
1658,83586.0,0.005982,BTCUSDT,2025-04-12 09:44:23+00:00,0,83586.0,0
1659,83586.0,0.005982,BTCUSDT,2025-04-12 09:44:23+00:00,0,83586.0,0
1660,83586.0,0.005982,BTCUSDT,2025-04-12 09:44:23+00:00,0,83586.0,0
1661,83586.0,0.005982,BTCUSDT,2025-04-12 09:44:23+00:00,0,83586.0,0
1662,83586.0,0.005982,BTCUSDT,2025-04-12 09:44:23+00:00,0,83586.0,0
1663,83586.0,0.005982,BTCUSDT,2025-04-12 09:44:23+00:00,0,83586.0,0
1664,83586.0,0.005982,BTCUSDT,2025-04-12 09:44:23+00:00,0,83586.0,0
1665,83586.0,0.005982,BTCUSDT,2025-04-12 09:44:23+00:00,0,83586.0,0
1666,83586.0,0.0008,BTCUSDT,2025-04-12 09:44:23+00:00,0,83586.0,0
1667,83586.0,0.0006,BTCUSDT,2025-04-12 09:44:23+00:00,0,83584.6,0
1669,83584.6,0.0006,BTCUSDT,2025-04-12 09:44:23+00:00,0,83584.6,0
1670,83584.6,0.1,BTCUSDT,2025-04-12 09:44:23+00:00,0,83584.6,0
1671,83584.6,0.007,BTCUSDT,2025-04-12 09:44:23+00:00,0,83584.4,0
1672,83584.4,0.00016,BTCUSDT,2025-04-12 09:44:23+00:00,0,83583.6,0
1673,83583.6,0.00016,BTCUSDT,2025-04-12 09:44:23+00:00,0,83583.4,0
1674,83583.4,0.001333,BTCUSDT,2025-04-12 09:44:23+00:00,0,83583.0,0
1675,83583.0,0.119153,BTCUSDT,2025-04-12 09:44:23+00:00,0,83583.0,0
1676,83583.0,0.000533,BTCUSDT,2025-04-12 09:44:23+00:00,0,83582.7,0
1677,83582.7,0.0008,BTCUSDT,2025-04-12 09:44:23+00:00,0,83582.7,0
1678,83582.7,0.00016,BTCUSDT,2025-04-12 09:44:23+00:00,0,83582.1,0
1679,83582.1,0.001795,BTCUSDT,2025-04-12 09:44:23+00:00,0,83581.9,0
1680,83581.9,0.00016,BTCUSDT,2025-04-12 09:44:23+00:00,0,83581.4,0
1681,83581.4,0.000213,BTCUSDT,2025-04-12 09:44:23+00:00,0,83581.1,0
1682,83581.1,0.000266,BTCUSDT,2025-04-12 09:44:23+00:00,0,83581.1,0
1683,83581.1,0.00016,BTCUSDT,2025-04-12 09:44:23+00:00,0,83580.2,0
1684,83580.2,0.00016,BTCUSDT,2025-04-12 09:44:23+00:00,0,83580.0,0
1685,83580.0,6e-05,BTCUSDT,2025-04-12 09:44:23+00:00,0,83579.8,0
1686,83579.8,0.000351,BTCUSDT,2025-04-12 09:44:23+00:00,0,83579.6,0
1687,83579.6,0.002811,BTCUSDT,2025-04-12 09:44:23+00:00,0,83579.4,0
1688,83579.4,0.00016,BTCUSDT,2025-04-12 09:44:23+00:00,0,83579.2,0
1689,83579.2,0.001333,BTCUSDT,2025-04-12 09:44:23+00:00,0,83578.7,0
1690,83578.7,0.000351,BTCUSDT,2025-04-12 09:44:23+00:00,0,83578.6,0
1691,83578.6,0.00016,BTCUSDT,2025-04-12 09:44:23+00:00,0,83578.6,0
1692,83578.6,0.0008,BTCUSDT,2025-04-12 09:44:23+00:00,0,83578.3,0
1731,83578.3,0.002393,BTCUSDT,2025-04-12 09:44:24+00:00,1,83578.3,0
1732,83578.3,0.005982,BTCUSDT,2025-04-12 09:44:24+00:00,1,83578.3,0
1733,83578.3,0.005982,BTCUSDT,2025-04-12 09:44:24+00:00,1,83578.3,0
1734,83578.3,0.005982,BTCUSDT,2025-04-12 09:44:24+00:00,1,83578.3,0
1735,83578.3,0.005982,BTCUSDT,2025-04-12 09:44:24+00:00,1,83578.3,0
1736,83578.3,0.01,BTCUSDT,2025-04-12 09:44:24+00:00,1,83578.3,0
1737,83578.3,0.005982,BTCUSDT,2025-04-12 09:44:24+00:00,1,83578.3,0
1738,83578.3,0.01,BTCUSDT,2025-04-12 09:44:24+00:00,1,83578.3,0
1739,83578.3,0.005982,BTCUSDT,2025-04-12 09:44:24+00:00,1,83578.3,0
1740,83578.3,0.005982,BTCUSDT,2025-04-12 09:44:24+00:00,1,83578.3,0
1741,83578.3,0.005982,BTCUSDT,2025-04-12 09:44:24+00:00,1,83578.3,0
1742,83578.3,0.001,BTCUSDT,2025-04-12 09:44:24+00:00,1,83578.3,0
1743,83578.3,7.1e-05,BTCUSDT,2025-04-12 09:44:24+00:00,1,83579.4,1
1699,83579.4,0.00016,BTCUSDT,2025-04-12 09:44:25+00:00,1,83579.4,0
1700,83579.4,0.01,BTCUSDT,2025-04-12 09:44:25+00:00,1,83579.4,0
1701,83579.4,0.01,BTCUSDT,2025-04-12 09:44:25+00:00,1,83579.4,0
1702,83579.4,0.007,BTCUSDT,2025-04-12 09:44:25+00:00,1,83579.4,0
1703,83579.4,0.005983,BTCUSDT,2025-04-12 09:44:25+00:00,1,83579.4,0
1704,83579.4,0.005983,BTCUSDT,2025-04-12 09:44:25+00:00,1,83579.4,0
1705,83579.4,0.005983,BTCUSDT,2025-04-12 09:44:25+00:00,1,83579.4,0
1706,83579.4,0.005983,BTCUSDT,2025-04-12 09:44:25+00:00,1,83579.4,0
1707,83579.4,0.005983,BTCUSDT,2025-04-12 09:44:25+00:00,1,83579.4,0
1708,83579.4,0.005983,BTCUSDT,2025-04-12 09:44:25+00:00,1,83579.4,0
1709,83579.4,0.005983,BTCUSDT,2025-04-12 09:44:25+00:00,1,83579.4,0
1710,83579.4,0.005983,BTCUSDT,2025-04-12 09:44:25+00:00,1,83579.4,0
1711,83579.4,0.002393,BTCUSDT,2025-04-12 09:44:25+00:00,1,83579.8,1
1712,83579.8,0.000351,BTCUSDT,2025-04-12 09:44:25+00:00,1,83580.0,1
1713,83580.0,6e-05,BTCUSDT,2025-04-12 09:44:25+00:00,1,83580.2,1
1714,83580.2,0.00016,BTCUSDT,2025-04-12 09:44:25+00:00,1,83580.8,1
578,83580.8,0.001164,BTCUSDT,2025-04-12 09:44:26+00:00,0,83580.8,0
580,83580.8,0.003589,BTCUSDT,2025-04-12 09:44:26+00:00,0,83580.9,1
581,83580.9,0.000153,BTCUSDT,2025-04-12 09:44:27+00:00,1,83580.8,0
574,83580.8,0.000476,BTCUSDT,2025-04-12 09:44:29+00:00,0,83580.8,0
616,83580.8,0.009361,BTCUSDT,2025-04-12 09:44:30+00:00,0,83580.8,0
617,83580.8,0.006201,BTCUSDT,2025-04-12 09:44:30+00:00,0,83580.8,0
618,83580.8,0.012549,BTCUSDT,2025-04-12 09:44:30+00:00,0,83580.8,0
590,83580.8,0.005983,BTCUSDT,2025-04-12 09:44:32+00:00,0,83580.8,0
591,83580.8,0.005983,BTCUSDT,2025-04-12 09:44:32+00:00,0,83580.8,0
592,83580.8,0.005983,BTCUSDT,2025-04-12 09:44:32+00:00,0,83580.8,0
593,83580.8,0.005983,BTCUSDT,2025-04-12 09:44:32+00:00,0,83580.8,0
594,83580.8,0.005983,BTCUSDT,2025-04-12 09:44:32+00:00,0,83580.8,0
595,83580.8,0.005983,BTCUSDT,2025-04-12 09:44:32+00:00,0,83580.8,0
596,83580.8,0.003513,BTCUSDT,2025-04-12 09:44:32+00:00,0,83580.9,1
597,83580.9,5.9e-05,BTCUSDT,2025-04-12 09:44:32+00:00,1,83580.8,0
645,83580.8,0.000149,BTCUSDT,2025-04-12 09:44:36+00:00,0,83580.8,0
626,83580.8,0.002321,BTCUSDT,2025-04-12 09:44:39+00:00,0,83580.8,0
627,83580.8,0.005983,BTCUSDT,2025-04-12 09:44:39+00:00,0,83580.8,0
628,83580.8,0.001,BTCUSDT,2025-04-12 09:44:39+00:00,0,83580.8,0
629,83580.8,0.0006,BTCUSDT,2025-04-12 09:44:39+00:00,0,83580.8,0
630,83580.8,0.01,BTCUSDT,2025-04-12 09:44:39+00:00,0,83580.8,0
631,83580.8,0.01,BTCUSDT,2025-04-12 09:44:39+00:00,0,83580.8,0
632,83580.8,0.0006,BTCUSDT,2025-04-12 09:44:39+00:00,0,83580.8,0
633,83580.8,0.005983,BTCUSDT,2025-04-12 09:44:39+00:00,0,83580.8,0
634,83580.8,0.002996,BTCUSDT,2025-04-12 09:44:39+00:00,0,83580.8,0
1812,83580.8,0.001419,BTCUSDT,2025-04-12 09:44:42+00:00,0,83580.9,1
1813,83580.9,0.000139,BTCUSDT,2025-04-12 09:44:42+00:00,1,83580.9,0
1814,83580.9,0.000104,BTCUSDT,2025-04-12 09:44:42+00:00,1,83580.8,0
1816,83580.8,0.001568,BTCUSDT,2025-04-12 09:44:42+00:00,0,83580.8,0
1817,83580.8,0.001,BTCUSDT,2025-04-12 09:44:42+00:00,0,83580.9,1
1821,83580.9,0.001196,BTCUSDT,2025-04-12 09:44:42+00:00,1,83580.8,0
1823,83580.8,0.001551,BTCUSDT,2025-04-12 09:44:44+00:00,0,83580.8,0
672,83580.8,0.003432,BTCUSDT,2025-04-12 09:44:48+00:00,0,83580.8,0
673,83580.8,0.005983,BTCUSDT,2025-04-12 09:44:48+00:00,0,83580.8,0
674,83580.8,0.005983,BTCUSDT,2025-04-12 09:44:48+00:00,0,83580.8,0
675,83580.8,0.005983,BTCUSDT,2025-04-12 09:44:48+00:00,0,83580.8,0
676,83580.8,0.002393,BTCUSDT,2025-04-12 09:44:48+00:00,0,83580.8,0
677,83580.8,0.002393,BTCUSDT,2025-04-12 09:44:48+00:00,0,83580.8,0
678,83580.8,0.002393,BTCUSDT,2025-04-12 09:44:48+00:00,0,83580.8,0
679,83580.8,0.002393,BTCUSDT,2025-04-12 09:44:48+00:00,0,83580.8,0
680,83580.8,0.0006,BTCUSDT,2025-04-12 09:44:48+00:00,0,83580.8,0
681,83580.8,0.005983,BTCUSDT,2025-04-12 09:44:48+00:00,0,83580.8,0
682,83580.8,0.001974,BTCUSDT,2025-04-12 09:44:48+00:00,0,83580.8,0
1841,83580.8,0.000252,BTCUSDT,2025-04-12 09:44:49+00:00,0,83580.8,0
1836,83580.8,0.00012,BTCUSDT,2025-04-12 09:44:50+00:00,0,83580.8,0
1826,83580.8,0.007859,BTCUSDT,2025-04-12 09:44:52+00:00,0,83580.8,0
1827,83580.8,0.005027,BTCUSDT,2025-04-12 09:44:52+00:00,0,83580.8,0
1828,83580.8,0.004973,BTCUSDT,2025-04-12 09:44:52+00:00,0,83580.8,0
1829,83580.8,0.0013,BTCUSDT,2025-04-12 09:44:52+00:00,0,83580.8,0
1830,83580.8,0.003346,BTCUSDT,2025-04-12 09:44:52+00:00,0,83580.8,0
1832,83580.8,0.003637,BTCUSDT,2025-04-12 09:44:52+00:00,0,83580.8,0
1833,83580.8,0.0006,BTCUSDT,2025-04-12 09:44:52+00:00,0,83580.8,0
1834,83580.8,0.002141,BTCUSDT,2025-04-12 09:44:52+00:00,0,83580.9,1
1935,83580.9,9.9e-05,BTCUSDT,2025-04-12 09:44:54+00:00,1,83580.9,0
1936,83580.9,5.2e-05,BTCUSDT,2025-04-12 09:44:54+00:00,1,83580.9,0
1939,83580.9,0.001056,BTCUSDT,2025-04-12 09:44:54+00:00,1,83580.8,0
1845,83580.8,0.0006,BTCUSDT,2025-04-12 09:44:55+00:00,0,83580.8,0
1846,83580.8,0.0006,BTCUSDT,2025-04-12 09:44:55+00:00,0,83580.8,0
1847,83580.8,0.002393,BTCUSDT,2025-04-12 09:44:55+00:00,0,83580.8,0
1848,83580.8,0.0008,BTCUSDT,2025-04-12 09:44:55+00:00,0,83580.8,0
1849,83580.8,0.0006,BTCUSDT,2025-04-12 09:44:55+00:00,0,83580.3,0
1859,83580.3,0.11969,BTCUSDT,2025-04-12 09:44:56+00:00,0,83580.0,0
1860,83580.0,6e-05,BTCUSDT,2025-04-12 09:44:56+00:00,0,83579.8,0
1861,83579.8,0.000351,BTCUSDT,2025-04-12 09:44:56+00:00,0,83579.4,0
1862,83579.4,0.00016,BTCUSDT,2025-04-12 09:44:56+00:00,0,83578.7,0
1863,83578.7,0.000351,BTCUSDT,2025-04-12 09:44:56+00:00,0,83578.6,0
1864,83578.6,0.00016,BTCUSDT,2025-04-12 09:44:56+00:00,0,83578.1,0
1865,83578.1,0.0006,BTCUSDT,2025-04-12 09:44:56+00:00,0,83578.1,0
1866,83578.1,0.000213,BTCUSDT,2025-04-12 09:44:56+00:00,0,83577.7,0
1867,83577.7,0.00016,BTCUSDT,2025-04-12 09:44:56+00:00,0,83577.6,0
1868,83577.6,0.000351,BTCUSDT,2025-04-12 09:44:56+00:00,0,83576.9,0
1869,83576.9,0.000266,BTCUSDT,2025-04-12 09:44:56+00:00,0,83576.9,0
1870,83576.9,0.00016,BTCUSDT,2025-04-12 09:44:56+00:00,0,83576.6,0
1871,83576.6,0.000351,BTCUSDT,2025-04-12 09:44:56+00:00,0,83576.0,0
1872,83576.0,0.00016,BTCUSDT,2025-04-12 09:44:56+00:00,0,83575.5,0
1873,83575.5,0.000351,BTCUSDT,2025-04-12 09:44:56+00:00,0,83575.2,0
1874,83575.2,0.00016,BTCUSDT,2025-04-12 09:44:56+00:00,0,83575.1,0
1875,83575.1,0.001333,BTCUSDT,2025-04-12 09:44:56+00:00,0,83575.1,0
1876,83575.1,0.000351,BTCUSDT,2025-04-12 09:44:56+00:00,0,83574.7,0
1877,83574.7,0.000213,BTCUSDT,2025-04-12 09:44:56+00:00,0,83574.4,0
1878,83574.4,0.000351,BTCUSDT,2025-04-12 09:44:56+00:00,0,83574.4,0
1879,83574.4,0.00016,BTCUSDT,2025-04-12 09:44:56+00:00,0,83574.4,0
1880,83574.4,0.0008,BTCUSDT,2025-04-12 09:44:56+00:00,0,83573.8,0
1881,83573.8,0.004,BTCUSDT,2025-04-12 09:44:56+00:00,0,83573.5,0
1882,83573.5,0.00016,BTCUSDT,2025-04-12 09:44:56+00:00,0,83573.5,0
1883,83573.5,0.000581,BTCUSDT,2025-04-12 09:44:56+00:00,0,83573.3,0
1884,83573.3,0.000351,BTCUSDT,2025-04-12 09:44:56+00:00,0,83572.7,0
1886,83572.7,0.00016,BTCUSDT,2025-04-12 09:44:56+00:00,0,83572.7,0
1887,83572.7,0.0006,BTCUSDT,2025-04-12 09:44:56+00:00,0,83572.7,0
1888,83572.7,0.000266,BTCUSDT,2025-04-12 09:44:56+00:00,0,83572.2,0
1889,83572.2,0.000351,BTCUSDT,2025-04-12 09:44:56+00:00,0,83571.9,0
1890,83571.9,0.00016,BTCUSDT,2025-04-12 09:44:56+00:00,0,83571.9,0
1891,83571.9,0.0002,BTCUSDT,2025-04-12 09:44:56+00:00,0,83571.9,0
1892,83571.9,0.0002,BTCUSDT,2025-04-12 09:44:56+00:00,0,83571.9,0
1893,83571.9,2.6e-05,BTCUSDT,2025-04-12 09:44:56+00:00,0,83571.7,0
1894,83571.7,0.005982,BTCUSDT,2025-04-12 09:44:56+00:00,0,83571.4,0
1895,83571.4,0.000213,BTCUSDT,2025-04-12 09:44:56+00:00,0,83571.1,0
1896,83571.1,0.000351,BTCUSDT,2025-04-12 09:44:56+00:00,0,83571.0,0
1897,83571.0,0.00016,BTCUSDT,2025-04-12 09:44:56+00:00,0,83570.9,0
1898,83570.9,0.001333,BTCUSDT,2025-04-12 09:44:56+00:00,0,83570.2,0
1899,83570.2,0.00016,BTCUSDT,2025-04-12 09:44:56+00:00,0,83570.2,0
1900,83570.2,0.0008,BTCUSDT,2025-04-12 09:44:56+00:00,0,83570.0,0
1901,83570.0,6e-05,BTCUSDT,2025-04-12 09:44:56+00:00,0,83570.0,0
1902,83570.0,0.000351,BTCUSDT,2025-04-12 09:44:56+00:00,0,83569.7,0
1903,83569.7,9.9e-05,BTCUSDT,2025-04-12 09:44:56+00:00,0,83569.4,0
1904,83569.4,0.00016,BTCUSDT,2025-04-12 09:44:56+00:00,0,83569.0,0
1905,83569.0,0.000351,BTCUSDT,2025-04-12 09:44:56+00:00,0,83568.5,0
1906,83568.5,0.00016,BTCUSDT,2025-04-12 09:44:56+00:00,0,83568.5,0
1907,83568.5,0.000266,BTCUSDT,2025-04-12 09:44:56+00:00,0,83568.1,0
1908,83568.1,0.000213,BTCUSDT,2025-04-12 09:44:56+00:00,0,83567.9,0
1909,83567.9,0.000351,BTCUSDT,2025-04-12 09:44:56+00:00,0,83567.9,0
1910,83567.9,0.000299,BTCUSDT,2025-04-12 09:44:56+00:00,0,83567.8,0
1922,83567.8,0.039486,BTCUSDT,2025-04-12 09:44:56+00:00,0,83567.8,0
760,83567.8,0.004075,BTCUSDT,2025-04-12 09:44:58+00:00,0,83567.9,1
725,83567.9,0.046964,BTCUSDT,2025-04-12 09:45:00+00:00,1,83567.9,0
726,83567.9,0.048034,BTCUSDT,2025-04-12 09:45:00+00:00,1,83567.9,0
727,83567.9,0.048034,BTCUSDT,2025-04-12 09:45:00+00:00,1,83567.9,0
728,83567.9,0.048034,BTCUSDT,2025-04-12 09:45:00+00:00,1,83567.9,0
729,83567.9,0.26619,BTCUSDT,2025-04-12 09:45:00+00:00,1,83567.9,0
730,83567.9,0.007,BTCUSDT,2025-04-12 09:45:00+00:00,1,83567.9,0
731,83567.9,0.1,BTCUSDT,2025-04-12 09:45:00+00:00,1,83567.9,0
732,83567.9,0.1,BTCUSDT,2025-04-12 09:45:00+00:00,1,83567.9,0
733,83567.9,0.1,BTCUSDT,2025-04-12 09:45:00+00:00,1,83567.9,0
734,83567.9,0.1,BTCUSDT,2025-04-12 09:45:00+00:00,1,83567.9,0
735,83567.9,0.002394,BTCUSDT,2025-04-12 09:45:00+00:00,1,83567.9,0
736,83567.9,0.002394,BTCUSDT,2025-04-12 09:45:00+00:00,1,83567.9,0
737,83567.9,0.002393,BTCUSDT,2025-04-12 09:45:00+00:00,1,83567.9,0
738,83567.9,0.005983,BTCUSDT,2025-04-12 09:45:00+00:00,1,83567.9,0
739,83567.9,0.005983,BTCUSDT,2025-04-12 09:45:00+00:00,1,83567.9,0
740,83567.9,0.005983,BTCUSDT,2025-04-12 09:45:00+00:00,1,83567.9,0
741,83567.9,0.005983,BTCUSDT,2025-04-12 09:45:00+00:00,1,83567.9,0
742,83567.9,0.005983,BTCUSDT,2025-04-12 09:45:00+00:00,1,83567.9,0
743,83567.9,0.005983,BTCUSDT,2025-04-12 09:45:00+00:00,1,83567.9,0
744,83567.9,0.001,BTCUSDT,2025-04-12 09:45:00+00:00,1,83567.9,0
745,83567.9,0.036613,BTCUSDT,2025-04-12 09:45:00+00:00,1,83567.9,0
746,83567.9,0.005983,BTCUSDT,2025-04-12 09:45:00+00:00,1,83567.9,0
747,83567.9,0.005983,BTCUSDT,2025-04-12 09:45:00+00:00,1,83567.9,0
748,83567.9,0.0008,BTCUSDT,2025-04-12 09:45:00+00:00,1,83567.9,0
749,83567.9,0.0008,BTCUSDT,2025-04-12 09:45:00+00:00,1,83567.9,0
750,83567.9,0.01,BTCUSDT,2025-04-12 09:45:00+00:00,1,83567.9,0
751,83567.9,0.01,BTCUSDT,2025-04-12 09:45:00+00:00,1,83567.9,0
752,83567.9,1.414749,BTCUSDT,2025-04-12 09:45:00+00:00,1,83567.8,0
708,83567.8,0.000564,BTCUSDT,2025-04-12 09:45:01+00:00,0,83571.0,1
1940,83571.0,0.00016,BTCUSDT,2025-04-12 09:45:02+00:00,1,83571.0,0
1941,83571.0,0.01,BTCUSDT,2025-04-12 09:45:02+00:00,1,83571.0,0
1942,83571.0,0.01,BTCUSDT,2025-04-12 09:45:02+00:00,1,83571.1,1
1943,83571.1,0.00035,BTCUSDT,2025-04-12 09:45:02+00:00,1,83571.1,0
1944,83571.1,1e-06,BTCUSDT,2025-04-12 09:45:02+00:00,1,83571.4,1
1945,83571.4,0.000213,BTCUSDT,2025-04-12 09:45:02+00:00,1,83571.9,1
1946,83571.9,0.00016,BTCUSDT,2025-04-12 09:45:02+00:00,1,83572.2,1
1947,83572.2,0.000351,BTCUSDT,2025-04-12 09:45:02+00:00,1,83572.7,1
1949,83572.7,0.00016,BTCUSDT,2025-04-12 09:45:02+00:00,1,83572.7,0
1950,83572.7,0.000266,BTCUSDT,2025-04-12 09:45:02+00:00,1,83572.7,0
1951,83572.7,0.01,BTCUSDT,2025-04-12 09:45:02+00:00,1,83572.7,0
1952,83572.7,0.00154,BTCUSDT,2025-04-12 09:45:02+00:00,1,83572.7,0
1953,83572.7,0.000256,BTCUSDT,2025-04-12 09:45:02+00:00,1,83572.7,0
1954,83572.7,0.01,BTCUSDT,2025-04-12 09:45:02+00:00,1,83573.2,1
1955,83573.2,0.00255,BTCUSDT,2025-04-12 09:45:02+00:00,1,83573.2,0
1956,83573.2,8e-06,BTCUSDT,2025-04-12 09:45:02+00:00,1,83573.3,1
1957,83573.3,0.000342,BTCUSDT,2025-04-12 09:45:02+00:00,1,83573.3,0
1959,83573.3,9e-06,BTCUSDT,2025-04-12 09:45:02+00:00,1,83573.5,1
1960,83573.5,0.00016,BTCUSDT,2025-04-12 09:45:02+00:00,1,83574.4,1
1961,83574.4,0.0008,BTCUSDT,2025-04-12 09:45:02+00:00,1,83574.4,0
1962,83574.4,0.00035,BTCUSDT,2025-04-12 09:45:02+00:00,1,83574.4,0
1963,83574.4,1e-06,BTCUSDT,2025-04-12 09:45:02+00:00,1,83574.4,0
1964,83574.4,0.00016,BTCUSDT,2025-04-12 09:45:02+00:00,1,83574.7,1
1966,83574.7,0.0002,BTCUSDT,2025-04-12 09:45:02+00:00,1,83574.7,0
1967,83574.7,1.3e-05,BTCUSDT,2025-04-12 09:45:02+00:00,1,83575.1,1
1968,83575.1,0.001333,BTCUSDT,2025-04-12 09:45:02+00:00,1,83575.2,1
1969,83575.2,0.00016,BTCUSDT,2025-04-12 09:45:02+00:00,1,83575.5,1
1970,83575.5,0.0003,BTCUSDT,2025-04-12 09:45:02+00:00,1,83575.5,0
1972,83575.5,5.1e-05,BTCUSDT,2025-04-12 09:45:02+00:00,1,83576.0,1
1973,83576.0,0.00016,BTCUSDT,2025-04-12 09:45:02+00:00,1,83576.2,1
1974,83576.2,0.00024,BTCUSDT,2025-04-12 09:45:02+00:00,1,83576.2,0
1975,83576.2,0.000111,BTCUSDT,2025-04-12 09:45:02+00:00,1,83576.6,1
1976,83576.6,0.000189,BTCUSDT,2025-04-12 09:45:02+00:00,1,83576.6,0
1978,83576.6,0.000162,BTCUSDT,2025-04-12 09:45:02+00:00,1,83576.9,1
1979,83576.9,0.000238,BTCUSDT,2025-04-12 09:45:02+00:00,1,83576.9,0
1981,83576.9,2.8e-05,BTCUSDT,2025-04-12 09:45:02+00:00,1,83576.9,0
1982,83576.9,0.00016,BTCUSDT,2025-04-12 09:45:02+00:00,1,83577.4,1
1983,83577.4,0.002,BTCUSDT,2025-04-12 09:45:02+00:00,1,83577.5,1
1984,83577.5,0.005983,BTCUSDT,2025-04-12 09:45:02+00:00,1,83577.6,1
1985,83577.6,0.000351,BTCUSDT,2025-04-12 09:45:02+00:00,1,83577.7,1
1986,83577.7,0.00016,BTCUSDT,2025-04-12 09:45:02+00:00,1,83577.9,1
1987,83577.9,0.000306,BTCUSDT,2025-04-12 09:45:02+00:00,1,83577.9,0
1988,83577.9,0.0002,BTCUSDT,2025-04-12 09:45:02+00:00,1,83577.9,0
1989,83577.9,9.2e-05,BTCUSDT,2025-04-12 09:45:02+00:00,1,83578.1,1
1990,83578.1,0.000213,BTCUSDT,2025-04-12 09:45:02+00:00,1,83578.6,1
1991,83578.6,0.0008,BTCUSDT,2025-04-12 09:45:02+00:00,1,83578.6,0
1992,83578.6,0.00016,BTCUSDT,2025-04-12 09:45:02+00:00,1,83578.7,1
1993,83578.7,0.000351,BTCUSDT,2025-04-12 09:45:02+00:00,1,83579.2,1
1994,83579.2,0.001333,BTCUSDT,2025-04-12 09:45:02+00:00,1,83579.4,1
1995,83579.4,0.00016,BTCUSDT,2025-04-12 09:45:02+00:00,1,83579.4,0
1996,83579.4,0.0002,BTCUSDT,2025-04-12 09:45:02+00:00,1,83579.4,0
1997,83579.4,0.0002,BTCUSDT,2025-04-12 09:45:02+00:00,1,83579.4,0
1998,83579.4,0.0002,BTCUSDT,2025-04-12 09:45:02+00:00,1,83579.8,1
1999,83579.8,0.000351,BTCUSDT,2025-04-12 09:45:02+00:00,1,83580.0,1
2000,83580.0,6e-05,BTCUSDT,2025-04-12 09:45:02+00:00,1,83580.2,1
2001,83580.2,0.00016,BTCUSDT,2025-04-12 09:45:02+00:00,1,83580.3,1
2002,83580.3,0.000299,BTCUSDT,2025-04-12 09:45:02+00:00,1,83580.4,1
2003,83580.4,0.000299,BTCUSDT,2025-04-12 09:45:02+00:00,1,83580.9,1
2004,83580.9,0.000351,BTCUSDT,2025-04-12 09:45:02+00:00,1,83581.1,1
2005,83581.1,0.00016,BTCUSDT,2025-04-12 09:45:02+00:00,1,83581.1,0
2006,83581.1,0.000266,BTCUSDT,2025-04-12 09:45:02+00:00,1,83581.4,1
2007,83581.4,0.000213,BTCUSDT,2025-04-12 09:45:02+00:00,1,83581.9,1
2008,83581.9,0.00016,BTCUSDT,2025-04-12 09:45:02+00:00,1,83582.7,1
2009,83582.7,0.0008,BTCUSDT,2025-04-12 09:45:02+00:00,1,83582.7,0
2010,83582.7,0.00016,BTCUSDT,2025-04-12 09:45:02+00:00,1,83583.4,1
2011,83583.4,0.001333,BTCUSDT,2025-04-12 09:45:02+00:00,1,83583.6,1
2012,83583.6,0.00016,BTCUSDT,2025-04-12 09:45:02+00:00,1,83567.8,0
2039,83567.8,0.001187,BTCUSDT,2025-04-12 09:45:02+00:00,0,83567.9,1
2051,83567.9,0.002394,BTCUSDT,2025-04-12 09:45:02+00:00,1,83567.9,0
2052,83567.9,0.005984,BTCUSDT,2025-04-12 09:45:02+00:00,1,83567.9,0
2053,83567.9,0.005984,BTCUSDT,2025-04-12 09:45:02+00:00,1,83567.9,0
2054,83567.9,0.005984,BTCUSDT,2025-04-12 09:45:02+00:00,1,83567.9,0
2055,83567.9,0.005984,BTCUSDT,2025-04-12 09:45:02+00:00,1,83567.9,0
2056,83567.9,0.005984,BTCUSDT,2025-04-12 09:45:02+00:00,1,83567.9,0
2057,83567.9,0.005984,BTCUSDT,2025-04-12 09:45:02+00:00,1,83567.9,0
2058,83567.9,0.005984,BTCUSDT,2025-04-12 09:45:02+00:00,1,83567.9,0
2059,83567.9,0.005984,BTCUSDT,2025-04-12 09:45:02+00:00,1,83567.9,0
2060,83567.9,0.01,BTCUSDT,2025-04-12 09:45:02+00:00,1,83567.9,0
2061,83567.9,0.009934,BTCUSDT,2025-04-12 09:45:02+00:00,1,83567.9,0
2062,83567.9,6.6e-05,BTCUSDT,2025-04-12 09:45:02+00:00,1,83569.0,1
2063,83569.0,0.0003,BTCUSDT,2025-04-12 09:45:02+00:00,1,83569.0,0
2064,83569.0,5.1e-05,BTCUSDT,2025-04-12 09:45:02+00:00,1,83569.4,1
2065,83569.4,0.0001,BTCUSDT,2025-04-12 09:45:02+00:00,1,83569.4,0
2066,83569.4,6e-05,BTCUSDT,2025-04-12 09:45:02+00:00,1,83570.0,1
2067,83570.0,6e-05,BTCUSDT,2025-04-12 09:45:02+00:00,1,83570.0,0
2068,83570.0,0.000351,BTCUSDT,2025-04-12 09:45:02+00:00,1,83570.2,1
2069,83570.2,0.00016,BTCUSDT,2025-04-12 09:45:02+00:00,1,83570.4,1
2070,83570.4,0.003184,BTCUSDT,2025-04-12 09:45:02+00:00,1,83584.1,1
2088,83584.1,0.001795,BTCUSDT,2025-04-12 09:45:03+00:00,1,83584.1,0
2089,83584.1,0.000173,BTCUSDT,2025-04-12 09:45:03+00:00,1,83584.1,0
2090,83584.1,0.007,BTCUSDT,2025-04-12 09:45:03+00:00,1,83584.4,1
2091,83584.4,0.00016,BTCUSDT,2025-04-12 09:45:03+00:00,1,83584.7,1
2092,83584.7,0.014016,BTCUSDT,2025-04-12 09:45:03+00:00,1,83584.8,1
2093,83584.8,0.000213,BTCUSDT,2025-04-12 09:45:03+00:00,1,83585.2,1
2100,83585.2,0.00016,BTCUSDT,2025-04-12 09:45:03+00:00,1,83585.3,1
2101,83585.3,0.000266,BTCUSDT,2025-04-12 09:45:03+00:00,1,83586.1,1
2102,83586.1,7e-05,BTCUSDT,2025-04-12 09:45:03+00:00,1,83586.1,0
2103,83586.1,0.00016,BTCUSDT,2025-04-12 09:45:03+00:00,1,83586.3,1
2104,83586.3,0.0002,BTCUSDT,2025-04-12 09:45:03+00:00,1,83586.9,1
2105,83586.9,7e-05,BTCUSDT,2025-04-12 09:45:03+00:00,1,83586.9,0
2106,83586.9,0.00016,BTCUSDT,2025-04-12 09:45:03+00:00,1,83586.9,0
2107,83586.9,0.0008,BTCUSDT,2025-04-12 09:45:03+00:00,1,83587.6,1
2108,83587.6,0.001333,BTCUSDT,2025-04-12 09:45:03+00:00,1,83587.7,1
2109,83587.7,0.00016,BTCUSDT,2025-04-12 09:45:03+00:00,1,83587.8,1
2110,83587.8,7e-05,BTCUSDT,2025-04-12 09:45:03+00:00,1,83587.8,0
2111,83587.8,0.003181,BTCUSDT,2025-04-12 09:45:03+00:00,1,83588.1,1
2112,83588.1,0.000213,BTCUSDT,2025-04-12 09:45:03+00:00,1,83588.2,1
2113,83588.2,0.000351,BTCUSDT,2025-04-12 09:45:03+00:00,1,83588.4,1
780,83588.4,0.01,BTCUSDT,2025-04-12 09:45:06+00:00,0,83588.4,0
781,83588.4,0.01,BTCUSDT,2025-04-12 09:45:06+00:00,0,83588.4,0
782,83588.4,0.002393,BTCUSDT,2025-04-12 09:45:06+00:00,0,83588.4,0
783,83588.4,0.002393,BTCUSDT,2025-04-12 09:45:06+00:00,0,83588.4,0
784,83588.4,0.002393,BTCUSDT,2025-04-12 09:45:06+00:00,0,83588.4,0
785,83588.4,0.005984,BTCUSDT,2025-04-12 09:45:06+00:00,0,83588.4,0
786,83588.4,0.005984,BTCUSDT,2025-04-12 09:45:06+00:00,0,83588.4,0
787,83588.4,0.005984,BTCUSDT,2025-04-12 09:45:06+00:00,0,83588.4,0
788,83588.4,0.005984,BTCUSDT,2025-04-12 09:45:06+00:00,0,83588.4,0
789,83588.4,0.005984,BTCUSDT,2025-04-12 09:45:06+00:00,0,83588.4,0
790,83588.4,0.005984,BTCUSDT,2025-04-12 09:45:06+00:00,0,83588.4,0
791,83588.4,0.001,BTCUSDT,2025-04-12 09:45:06+00:00,0,83588.4,0
792,83588.4,0.005984,BTCUSDT,2025-04-12 09:45:06+00:00,0,83588.4,0
793,83588.4,0.005984,BTCUSDT,2025-04-12 09:45:06+00:00,0,83588.4,0
794,83588.4,0.0008,BTCUSDT,2025-04-12 09:45:06+00:00,0,83588.2,0
795,83588.2,0.0006,BTCUSDT,2025-04-12 09:45:06+00:00,0,83587.6,0
796,83587.6,0.00027,BTCUSDT,2025-04-12 09:45:06+00:00,0,83586.9,0
797,83586.9,7e-05,BTCUSDT,2025-04-12 09:45:06+00:00,0,83586.9,0
798,83586.9,0.00016,BTCUSDT,2025-04-12 09:45:06+00:00,0,83586.8,0
799,83586.8,0.00027,BTCUSDT,2025-04-12 09:45:06+00:00,0,83586.1,0
800,83586.1,7e-05,BTCUSDT,2025-04-12 09:45:06+00:00,0,83586.1,0
801,83586.1,0.00016,BTCUSDT,2025-04-12 09:45:06+00:00,0,83585.9,0
802,83585.9,0.00027,BTCUSDT,2025-04-12 09:45:06+00:00,0,83585.8,0
803,83585.8,0.002812,BTCUSDT,2025-04-12 09:45:06+00:00,0,83585.3,0
804,83585.3,7e-05,BTCUSDT,2025-04-12 09:45:06+00:00,0,83585.2,0
805,83585.2,0.00016,BTCUSDT,2025-04-12 09:45:06+00:00,0,83585.1,0
806,83585.1,0.00027,BTCUSDT,2025-04-12 09:45:06+00:00,0,83584.8,0
807,83584.8,0.000212,BTCUSDT,2025-04-12 09:45:06+00:00,0,83584.5,0
811,83584.5,0.01,BTCUSDT,2025-04-12 09:45:06+00:00,0,83584.5,0
812,83584.5,0.01,BTCUSDT,2025-04-12 09:45:06+00:00,0,83584.5,0
813,83584.5,0.005982,BTCUSDT,2025-04-12 09:45:06+00:00,0,83584.4,0
814,83584.4,0.00016,BTCUSDT,2025-04-12 09:45:06+00:00,0,83584.3,0
815,83584.3,0.00027,BTCUSDT,2025-04-12 09:45:06+00:00,0,83583.6,0
816,83583.6,0.00016,BTCUSDT,2025-04-12 09:45:06+00:00,0,83583.4,0
817,83583.4,0.001333,BTCUSDT,2025-04-12 09:45:06+00:00,0,83582.7,0
823,83582.7,0.0008,BTCUSDT,2025-04-12 09:45:06+00:00,0,83582.7,0
824,83582.7,0.00016,BTCUSDT,2025-04-12 09:45:06+00:00,0,83582.7,0
834,83582.7,0.00096,BTCUSDT,2025-04-12 09:45:06+00:00,0,83582.7,0
835,83582.7,0.00042,BTCUSDT,2025-04-12 09:45:06+00:00,0,83582.7,0
836,83582.7,0.00958,BTCUSDT,2025-04-12 09:45:06+00:00,0,83581.9,0
837,83581.9,0.00016,BTCUSDT,2025-04-12 09:45:06+00:00,0,83581.4,0
838,83581.4,0.000212,BTCUSDT,2025-04-12 09:45:06+00:00,0,83581.1,0
839,83581.1,0.000265,BTCUSDT,2025-04-12 09:45:06+00:00,0,83581.1,0
840,83581.1,0.00016,BTCUSDT,2025-04-12 09:45:06+00:00,0,83582.7,1
841,83582.7,0.0014,BTCUSDT,2025-04-12 09:45:06+00:00,0,83582.7,0
842,83582.7,0.0086,BTCUSDT,2025-04-12 09:45:06+00:00,0,83582.7,0
843,83582.7,0.00217,BTCUSDT,2025-04-12 09:45:06+00:00,0,83582.7,0
844,83582.7,0.003813,BTCUSDT,2025-04-12 09:45:06+00:00,0,83582.7,0
845,83582.7,0.01,BTCUSDT,2025-04-12 09:45:06+00:00,0,83580.2,0
846,83580.2,0.00016,BTCUSDT,2025-04-12 09:45:06+00:00,0,83580.2,0
847,83580.2,0.01,BTCUSDT,2025-04-12 09:45:06+00:00,0,83580.2,0
848,83580.2,0.005982,BTCUSDT,2025-04-12 09:45:06+00:00,0,83580.2,0
849,83580.2,0.005983,BTCUSDT,2025-04-12 09:45:06+00:00,0,83580.0,0
850,83580.0,6e-05,BTCUSDT,2025-04-12 09:45:06+00:00,0,83579.6,0
851,83579.6,0.001795,BTCUSDT,2025-04-12 09:45:07+00:00,1,83579.6,0
852,83579.6,0.01,BTCUSDT,2025-04-12 09:45:07+00:00,1,83579.6,0
853,83579.6,0.005983,BTCUSDT,2025-04-12 09:45:07+00:00,1,83579.6,0
854,83579.6,0.005983,BTCUSDT,2025-04-12 09:45:07+00:00,1,83579.6,0
855,83579.6,0.01,BTCUSDT,2025-04-12 09:45:07+00:00,1,83579.6,0
856,83579.6,0.005982,BTCUSDT,2025-04-12 09:45:07+00:00,1,83579.6,0
857,83579.6,0.005982,BTCUSDT,2025-04-12 09:45:07+00:00,1,83579.6,0
858,83579.6,0.005983,BTCUSDT,2025-04-12 09:45:07+00:00,1,83579.6,0
859,83579.6,0.005983,BTCUSDT,2025-04-12 09:45:07+00:00,1,83579.6,0
860,83579.6,0.001,BTCUSDT,2025-04-12 09:45:07+00:00,1,83579.6,0
861,83579.6,8.4e-05,BTCUSDT,2025-04-12 09:45:07+00:00,1,83579.6,0
862,83579.6,0.005982,BTCUSDT,2025-04-12 09:45:07+00:00,1,83579.6,0
863,83579.6,0.001562,BTCUSDT,2025-04-12 09:45:07+00:00,1,83579.6,0
864,83579.6,0.004421,BTCUSDT,2025-04-12 09:45:07+00:00,1,83579.6,0
865,83579.6,0.01,BTCUSDT,2025-04-12 09:45:07+00:00,1,83579.6,0
866,83579.6,0.01,BTCUSDT,2025-04-12 09:45:07+00:00,1,83579.6,0
867,83579.6,0.005983,BTCUSDT,2025-04-12 09:45:07+00:00,1,83580.0,1
868,83580.0,6e-05,BTCUSDT,2025-04-12 09:45:07+00:00,1,83581.1,1
869,83581.1,0.00016,BTCUSDT,2025-04-12 09:45:07+00:00,1,83581.1,0
870,83581.1,0.01,BTCUSDT,2025-04-12 09:45:07+00:00,1,83581.1,0
871,83581.1,0.00994,BTCUSDT,2025-04-12 09:45:07+00:00,1,83581.1,0
872,83581.1,6e-05,BTCUSDT,2025-04-12 09:45:07+00:00,1,83581.3,1
873,83581.3,0.0002,BTCUSDT,2025-04-12 09:45:07+00:00,1,83581.3,0
946,83581.3,7e-05,BTCUSDT,2025-04-12 09:45:09+00:00,1,83581.3,0
947,83581.3,0.01,BTCUSDT,2025-04-12 09:45:09+00:00,1,83581.3,0
948,83581.3,0.01,BTCUSDT,2025-04-12 09:45:09+00:00,1,83581.3,0
949,83581.3,0.005983,BTCUSDT,2025-04-12 09:45:09+00:00,1,83581.3,0
950,83581.3,0.005983,BTCUSDT,2025-04-12 09:45:09+00:00,1,83581.3,0
951,83581.3,0.002393,BTCUSDT,2025-04-12 09:45:09+00:00,1,83581.3,0
952,83581.3,0.0008,BTCUSDT,2025-04-12 09:45:09+00:00,1,83581.3,0
953,83581.3,0.005983,BTCUSDT,2025-04-12 09:45:09+00:00,1,83581.3,0
954,83581.3,9.7e-05,BTCUSDT,2025-04-12 09:45:09+00:00,1,83581.9,1
955,83581.9,0.00016,BTCUSDT,2025-04-12 09:45:09+00:00,1,83581.9,0
956,83581.9,0.000598,BTCUSDT,2025-04-12 09:45:09+00:00,1,83582.7,1
957,83582.7,0.00016,BTCUSDT,2025-04-12 09:45:09+00:00,1,83583.6,1
958,83583.6,0.00016,BTCUSDT,2025-04-12 09:45:09+00:00,1,83584.4,1
959,83584.4,0.00016,BTCUSDT,2025-04-12 09:45:09+00:00,1,83584.5,1
960,83584.5,0.003181,BTCUSDT,2025-04-12 09:45:09+00:00,1,83584.8,1
961,83584.8,0.000213,BTCUSDT,2025-04-12 09:45:09+00:00,1,83585.1,1
962,83585.1,0.00027,BTCUSDT,2025-04-12 09:45:09+00:00,1,83585.2,1
963,83585.2,0.00016,BTCUSDT,2025-04-12 09:45:09+00:00,1,83585.3,1
964,83585.3,0.000266,BTCUSDT,2025-04-12 09:45:09+00:00,1,83585.9,1
965,83585.9,0.00027,BTCUSDT,2025-04-12 09:45:09+00:00,1,83586.1,1
966,83586.1,7e-05,BTCUSDT,2025-04-12 09:45:09+00:00,1,83586.1,0
967,83586.1,0.00016,BTCUSDT,2025-04-12 09:45:09+00:00,1,83586.2,1
988,83586.2,0.004302,BTCUSDT,2025-04-12 09:45:10+00:00,1,83586.1,0
989,83586.1,0.013147,BTCUSDT,2025-04-12 09:45:10+00:00,0,83586.2,1
2290,83586.2,0.06777,BTCUSDT,2025-04-12 09:45:11+00:00,1,83586.2,0
2292,83586.2,0.04761,BTCUSDT,2025-04-12 09:45:11+00:00,1,83586.2,0
2293,83586.2,0.120487,BTCUSDT,2025-04-12 09:45:11+00:00,1,83586.2,0
2294,83586.2,0.002393,BTCUSDT,2025-04-12 09:45:11+00:00,1,83586.2,0
2295,83586.2,0.000156,BTCUSDT,2025-04-12 09:45:11+00:00,1,83586.2,0
2296,83586.2,0.1,BTCUSDT,2025-04-12 09:45:11+00:00,1,83586.2,0
2297,83586.2,0.105018,BTCUSDT,2025-04-12 09:45:11+00:00,1,83586.8,1
2333,83586.8,0.00027,BTCUSDT,2025-04-12 09:45:11+00:00,1,83586.9,1
2334,83586.9,0.0008,BTCUSDT,2025-04-12 09:45:11+00:00,1,83586.9,0
2335,83586.9,7e-05,BTCUSDT,2025-04-12 09:45:11+00:00,1,83586.9,0
2336,83586.9,0.00016,BTCUSDT,2025-04-12 09:45:11+00:00,1,83587.3,1
2337,83587.3,0.002,BTCUSDT,2025-04-12 09:45:11+00:00,1,83587.6,1
2338,83587.6,0.00027,BTCUSDT,2025-04-12 09:45:11+00:00,1,83587.6,0
2339,83587.6,0.000474,BTCUSDT,2025-04-12 09:45:11+00:00,1,83587.6,0
2340,83587.6,0.000859,BTCUSDT,2025-04-12 09:45:11+00:00,1,83587.7,1
2341,83587.7,0.00016,BTCUSDT,2025-04-12 09:45:11+00:00,1,83587.8,1
2342,83587.8,7e-05,BTCUSDT,2025-04-12 09:45:11+00:00,1,83588.1,1
2343,83588.1,0.000213,BTCUSDT,2025-04-12 09:45:11+00:00,1,83588.4,1
2344,83588.4,0.00027,BTCUSDT,2025-04-12 09:45:11+00:00,1,83588.4,0
2345,83588.4,0.0015,BTCUSDT,2025-04-12 09:45:11+00:00,1,83588.5,1
2346,83588.5,0.016983,BTCUSDT,2025-04-12 09:45:11+00:00,1,83588.5,0
2417,83588.5,0.063296,BTCUSDT,2025-04-12 09:45:11+00:00,1,83588.6,1
2418,83588.6,7e-05,BTCUSDT,2025-04-12 09:45:11+00:00,1,83588.6,0
2419,83588.6,0.00016,BTCUSDT,2025-04-12 09:45:11+00:00,1,83588.8,1
2420,83588.8,0.00287,BTCUSDT,2025-04-12 09:45:11+00:00,1,83588.8,0
2421,83588.8,0.0002,BTCUSDT,2025-04-12 09:45:11+00:00,1,83588.8,0
2422,83588.8,0.00011,BTCUSDT,2025-04-12 09:45:11+00:00,1,83589.3,1
2423,83589.3,0.00027,BTCUSDT,2025-04-12 09:45:11+00:00,1,83589.4,1
2424,83589.4,7e-05,BTCUSDT,2025-04-12 09:45:11+00:00,1,83589.4,0
2425,83589.4,5e-05,BTCUSDT,2025-04-12 09:45:11+00:00,1,83589.4,0
2426,83589.4,0.000216,BTCUSDT,2025-04-12 09:45:11+00:00,1,83589.4,0
2427,83589.4,0.00016,BTCUSDT,2025-04-12 09:45:11+00:00,1,83589.5,1
2428,83589.5,0.01937,BTCUSDT,2025-04-12 09:45:11+00:00,1,83589.6,1
2429,83589.6,1.2e-05,BTCUSDT,2025-04-12 09:45:11+00:00,1,83590.0,1
2430,83590.0,6e-05,BTCUSDT,2025-04-12 09:45:11+00:00,1,83590.1,1
2431,83590.1,0.00014,BTCUSDT,2025-04-12 09:45:11+00:00,1,83590.1,0
2432,83590.1,0.00013,BTCUSDT,2025-04-12 09:45:11+00:00,1,83590.3,1
2433,83590.3,7e-05,BTCUSDT,2025-04-12 09:45:11+00:00,1,83590.3,0
2434,83590.3,0.00016,BTCUSDT,2025-04-12 09:45:11+00:00,1,83590.5,1
2435,83590.5,0.00027,BTCUSDT,2025-04-12 09:45:11+00:00,1,83590.9,1
2436,83590.9,0.006359,BTCUSDT,2025-04-12 09:45:11+00:00,1,83591.0,1
2437,83591.0,0.00027,BTCUSDT,2025-04-12 09:45:11+00:00,1,83591.1,1
2438,83591.1,0.000241,BTCUSDT,2025-04-12 09:45:11+00:00,1,83591.1,0
2440,83591.1,0.000559,BTCUSDT,2025-04-12 09:45:11+00:00,1,83591.1,0
2441,83591.1,7e-05,BTCUSDT,2025-04-12 09:45:11+00:00,1,83591.1,0
2442,83591.1,0.00016,BTCUSDT,2025-04-12 09:45:11+00:00,1,83591.5,1
2443,83591.5,0.000213,BTCUSDT,2025-04-12 09:45:11+00:00,1,83591.8,1
2444,83591.8,0.001333,BTCUSDT,2025-04-12 09:45:11+00:00,1,83591.8,0
2445,83591.8,0.00027,BTCUSDT,2025-04-12 09:45:11+00:00,1,83591.9,1
2446,83591.9,0.00016,BTCUSDT,2025-04-12 09:45:11+00:00,1,83592.0,1
2447,83592.0,7e-05,BTCUSDT,2025-04-12 09:45:11+00:00,1,83592.5,1
2494,83592.5,0.006537,BTCUSDT,2025-04-12 09:45:12+00:00,0,83592.5,0
2496,83592.5,0.01,BTCUSDT,2025-04-12 09:45:12+00:00,0,83592.5,0
2497,83592.5,0.002393,BTCUSDT,2025-04-12 09:45:12+00:00,0,83592.5,0
2498,83592.5,0.000798,BTCUSDT,2025-04-12 09:45:12+00:00,0,83592.6,1
2499,83592.6,0.000243,BTCUSDT,2025-04-12 09:45:12+00:00,1,83592.5,0
2500,83592.5,0.009202,BTCUSDT,2025-04-12 09:45:12+00:00,0,83592.5,0
2501,83592.5,0.07223,BTCUSDT,2025-04-12 09:45:12+00:00,0,83592.5,0
2502,83592.5,0.002393,BTCUSDT,2025-04-12 09:45:12+00:00,0,83592.5,0
2503,83592.5,0.005983,BTCUSDT,2025-04-12 09:45:12+00:00,0,83592.5,0
2504,83592.5,0.005983,BTCUSDT,2025-04-12 09:45:12+00:00,0,83592.5,0
2505,83592.5,0.005982,BTCUSDT,2025-04-12 09:45:12+00:00,0,83592.5,0
2506,83592.5,0.005983,BTCUSDT,2025-04-12 09:45:12+00:00,0,83592.5,0
2507,83592.5,0.005983,BTCUSDT,2025-04-12 09:45:12+00:00,0,83592.5,0
2508,83592.5,0.005983,BTCUSDT,2025-04-12 09:45:12+00:00,0,83592.5,0
2509,83592.5,0.005983,BTCUSDT,2025-04-12 09:45:12+00:00,0,83592.5,0
2510,83592.5,0.005983,BTCUSDT,2025-04-12 09:45:12+00:00,0,83592.5,0
2511,83592.5,0.001,BTCUSDT,2025-04-12 09:45:12+00:00,0,83592.5,0
2512,83592.5,0.007409,BTCUSDT,2025-04-12 09:45:12+00:00,0,83592.5,0
2513,83592.5,0.002591,BTCUSDT,2025-04-12 09:45:12+00:00,0,83592.5,0
2514,83592.5,0.002393,BTCUSDT,2025-04-12 09:45:12+00:00,0,83592.5,0
2515,83592.5,0.004869,BTCUSDT,2025-04-12 09:45:12+00:00,0,83592.5,0
2516,83592.5,0.002392,BTCUSDT,2025-04-12 09:45:12+00:00,0,83592.5,0
2517,83592.5,0.002058,BTCUSDT,2025-04-12 09:45:12+00:00,0,83592.5,0
2544,83592.5,0.000681,BTCUSDT,2025-04-12 09:45:12+00:00,0,83592.5,0
2545,83592.5,0.01,BTCUSDT,2025-04-12 09:45:12+00:00,0,83592.5,0
2546,83592.5,0.005982,BTCUSDT,2025-04-12 09:45:12+00:00,0,83592.5,0
2547,83592.5,0.005982,BTCUSDT,2025-04-12 09:45:12+00:00,0,83592.5,0
2548,83592.5,0.005982,BTCUSDT,2025-04-12 09:45:12+00:00,0,83592.5,0
2549,83592.5,0.000333,BTCUSDT,2025-04-12 09:45:12+00:00,0,83592.5,0
2552,83592.5,0.005649,BTCUSDT,2025-04-12 09:45:12+00:00,0,83592.5,0
2553,83592.5,0.005982,BTCUSDT,2025-04-12 09:45:12+00:00,0,83592.5,0
2554,83592.5,0.005982,BTCUSDT,2025-04-12 09:45:12+00:00,0,83592.5,0
2555,83592.5,0.005982,BTCUSDT,2025-04-12 09:45:12+00:00,0,83592.5,0
2556,83592.5,0.005982,BTCUSDT,2025-04-12 09:45:12+00:00,0,83592.5,0
2557,83592.5,0.0008,BTCUSDT,2025-04-12 09:45:12+00:00,0,83592.0,0
2558,83592.0,0.0006,BTCUSDT,2025-04-12 09:45:12+00:00,0,83591.1,0
2614,83591.1,7e-05,BTCUSDT,2025-04-12 09:45:20+00:00,0,83591.1,0
2615,83591.1,0.00016,BTCUSDT,2025-04-12 09:45:20+00:00,0,83591.1,0
2616,83591.1,0.01,BTCUSDT,2025-04-12 09:45:20+00:00,0,83591.1,0
2617,83591.1,0.01,BTCUSDT,2025-04-12 09:45:20+00:00,0,83591.1,0
2618,83591.1,0.002393,BTCUSDT,2025-04-12 09:45:20+00:00,0,83591.1,0
2619,83591.1,0.0008,BTCUSDT,2025-04-12 09:45:20+00:00,0,83591.0,0
2620,83591.0,0.00027,BTCUSDT,2025-04-12 09:45:20+00:00,0,83591.0,0
2621,83591.0,0.001051,BTCUSDT,2025-04-12 09:45:20+00:00,0,83590.3,0
2622,83590.3,7e-05,BTCUSDT,2025-04-12 09:45:20+00:00,0,83590.3,0
2623,83590.3,0.00016,BTCUSDT,2025-04-12 09:45:20+00:00,0,83590.1,0
2624,83590.1,0.00027,BTCUSDT,2025-04-12 09:45:20+00:00,0,83590.0,0
2625,83590.0,6e-05,BTCUSDT,2025-04-12 09:45:20+00:00,0,83589.7,0
2627,83589.7,0.00027,BTCUSDT,2025-04-12 09:45:20+00:00,0,83589.7,0
2628,83589.7,0.01,BTCUSDT,2025-04-12 09:45:20+00:00,0,83589.7,0
2629,83589.7,0.002393,BTCUSDT,2025-04-12 09:45:20+00:00,0,83589.4,0
2630,83589.4,7e-05,BTCUSDT,2025-04-12 09:45:20+00:00,0,83589.4,0
2631,83589.4,0.00016,BTCUSDT,2025-04-12 09:45:20+00:00,0,83589.3,0
2632,83589.3,0.00027,BTCUSDT,2025-04-12 09:45:20+00:00,0,83588.6,0
2688,83588.6,7e-05,BTCUSDT,2025-04-12 09:45:20+00:00,0,83588.6,0
2689,83588.6,0.00016,BTCUSDT,2025-04-12 09:45:20+00:00,0,83588.6,0
2690,83588.6,0.002393,BTCUSDT,2025-04-12 09:45:20+00:00,0,83588.4,0
2694,83588.4,0.00027,BTCUSDT,2025-04-12 09:45:20+00:00,0,83588.1,0
2695,83588.1,0.000213,BTCUSDT,2025-04-12 09:45:20+00:00,0,83587.8,0
2696,83587.8,7e-05,BTCUSDT,2025-04-12 09:45:20+00:00,0,83587.7,0
2697,83587.7,0.00016,BTCUSDT,2025-04-12 09:45:20+00:00,0,83587.6,0
2698,83587.6,0.001333,BTCUSDT,2025-04-12 09:45:20+00:00,0,83587.6,0
2699,83587.6,0.00027,BTCUSDT,2025-04-12 09:45:20+00:00,0,83586.9,0
2700,83586.9,7e-05,BTCUSDT,2025-04-12 09:45:20+00:00,0,83586.9,0
2701,83586.9,0.00016,BTCUSDT,2025-04-12 09:45:20+00:00,0,83586.9,0
2702,83586.9,0.0008,BTCUSDT,2025-04-12 09:45:20+00:00,0,83586.8,0
2703,83586.8,0.00027,BTCUSDT,2025-04-12 09:45:20+00:00,0,83586.2,0
2704,83586.2,0.002558,BTCUSDT,2025-04-12 09:45:20+00:00,0,83586.1,0
2705,83586.1,0.00016,BTCUSDT,2025-04-12 09:45:20+00:00,0,83586.1,0
2706,83586.1,7e-05,BTCUSDT,2025-04-12 09:45:20+00:00,0,83585.9,0
2707,83585.9,0.00027,BTCUSDT,2025-04-12 09:45:20+00:00,0,83585.8,0
2708,83585.8,0.002817,BTCUSDT,2025-04-12 09:45:20+00:00,0,83585.3,0
2709,83585.3,7e-05,BTCUSDT,2025-04-12 09:45:20+00:00,0,83585.3,0
2710,83585.3,0.000266,BTCUSDT,2025-04-12 09:45:20+00:00,0,83585.2,0
2711,83585.2,0.00016,BTCUSDT,2025-04-12 09:45:20+00:00,0,83585.1,0
2712,83585.1,0.00027,BTCUSDT,2025-04-12 09:45:20+00:00,0,83584.8,0
2713,83584.8,0.000213,BTCUSDT,2025-04-12 09:45:20+00:00,0,83584.4,0
2714,83584.4,0.00016,BTCUSDT,2025-04-12 09:45:20+00:00,0,83584.3,0
2715,83584.3,0.00027,BTCUSDT,2025-04-12 09:45:20+00:00,0,83584.2,0
2716,83584.2,0.001122,BTCUSDT,2025-04-12 09:45:20+00:00,0,83584.2,0
2717,83584.2,0.001056,BTCUSDT,2025-04-12 09:45:20+00:00,0,83583.8,0
2718,83583.8,0.003456,BTCUSDT,2025-04-12 09:45:20+00:00,0,83583.6,0
2719,83583.6,0.00016,BTCUSDT,2025-04-12 09:45:20+00:00,0,83583.6,0
2720,83583.6,0.001795,BTCUSDT,2025-04-12 09:45:20+00:00,0,83583.5,0
2721,83583.5,0.0015,BTCUSDT,2025-04-12 09:45:20+00:00,0,83583.4,0
2722,83583.4,0.001333,BTCUSDT,2025-04-12 09:45:20+00:00,0,83582.7,0
2723,83582.7,0.00016,BTCUSDT,2025-04-12 09:45:20+00:00,0,83582.7,0
2724,83582.7,0.0008,BTCUSDT,2025-04-12 09:45:20+00:00,0,83581.9,0
2725,83581.9,0.00016,BTCUSDT,2025-04-12 09:45:20+00:00,0,83581.4,0
2726,83581.4,0.000213,BTCUSDT,2025-04-12 09:45:20+00:00,0,83581.3,0
2727,83581.3,0.0002,BTCUSDT,2025-04-12 09:45:20+00:00,0,83581.3,0
2728,83581.3,0.0002,BTCUSDT,2025-04-12 09:45:20+00:00,0,83581.3,0
2729,83581.3,0.0002,BTCUSDT,2025-04-12 09:45:20+00:00,0,83581.1,0
2730,83581.1,0.00016,BTCUSDT,2025-04-12 09:45:20+00:00,0,83581.1,0
2731,83581.1,0.000266,BTCUSDT,2025-04-12 09:45:20+00:00,0,83580.6,0
2732,83580.6,0.005982,BTCUSDT,2025-04-12 09:45:20+00:00,0,83580.5,0
2733,83580.5,0.00027,BTCUSDT,2025-04-12 09:45:20+00:00,0,83580.2,0
2734,83580.2,0.00016,BTCUSDT,2025-04-12 09:45:20+00:00,0,83580.0,0
2735,83580.0,6e-05,BTCUSDT,2025-04-12 09:45:20+00:00,0,83579.9,0
2737,83579.9,0.002393,BTCUSDT,2025-04-12 09:45:21+00:00,1,83579.9,0
2738,83579.9,0.002393,BTCUSDT,2025-04-12 09:45:21+00:00,1,83579.9,0
2739,83579.9,0.002393,BTCUSDT,2025-04-12 09:45:21+00:00,1,83579.9,0
2740,83579.9,0.002393,BTCUSDT,2025-04-12 09:45:21+00:00,1,83579.9,0
2741,83579.9,0.002392,BTCUSDT,2025-04-12 09:45:21+00:00,1,83579.9,0
2742,83579.9,0.002393,BTCUSDT,2025-04-12 09:45:21+00:00,1,83579.9,0
2743,83579.9,0.005982,BTCUSDT,2025-04-12 09:45:21+00:00,1,83579.9,0
2744,83579.9,0.01,BTCUSDT,2025-04-12 09:45:21+00:00,1,83579.9,0
2745,83579.9,0.005982,BTCUSDT,2025-04-12 09:45:21+00:00,1,83579.9,0
2746,83579.9,0.005982,BTCUSDT,2025-04-12 09:45:21+00:00,1,83579.9,0
2747,83579.9,0.005982,BTCUSDT,2025-04-12 09:45:21+00:00,1,83579.9,0
2748,83579.9,0.01,BTCUSDT,2025-04-12 09:45:21+00:00,1,83579.9,0
2749,83579.9,0.005982,BTCUSDT,2025-04-12 09:45:21+00:00,1,83579.9,0
2750,83579.9,0.005982,BTCUSDT,2025-04-12 09:45:21+00:00,1,83579.9,0
2751,83579.9,0.005982,BTCUSDT,2025-04-12 09:45:21+00:00,1,83579.9,0
2752,83579.9,0.005982,BTCUSDT,2025-04-12 09:45:21+00:00,1,83579.9,0
2753,83579.9,0.001,BTCUSDT,2025-04-12 09:45:21+00:00,1,83579.9,0
2754,83579.9,0.01799,BTCUSDT,2025-04-12 09:45:21+00:00,1,83579.9,0
2755,83579.9,0.119691,BTCUSDT,2025-04-12 09:45:21+00:00,1,83579.9,0
2756,83579.9,0.002393,BTCUSDT,2025-04-12 09:45:21+00:00,1,83579.9,0
2757,83579.9,0.01,BTCUSDT,2025-04-12 09:45:21+00:00,1,83579.9,0
2758,83579.9,0.01,BTCUSDT,2025-04-12 09:45:21+00:00,1,83580.0,1
2759,83580.0,6e-05,BTCUSDT,2025-04-12 09:45:21+00:00,1,83581.1,1
2634,83581.1,0.00016,BTCUSDT,2025-04-12 09:45:22+00:00,1,83581.1,0
2635,83581.1,0.01,BTCUSDT,2025-04-12 09:45:22+00:00,1,83581.1,0
2636,83581.1,0.01,BTCUSDT,2025-04-12 09:45:22+00:00,1,83581.1,0
2637,83581.1,0.005983,BTCUSDT,2025-04-12 09:45:22+00:00,1,83581.1,0
2638,83581.1,0.005983,BTCUSDT,2025-04-12 09:45:22+00:00,1,83581.1,0
2639,83581.1,0.005983,BTCUSDT,2025-04-12 09:45:22+00:00,1,83581.1,0
2640,83581.1,7e-05,BTCUSDT,2025-04-12 09:45:22+00:00,1,83581.1,0
2641,83581.1,0.005983,BTCUSDT,2025-04-12 09:45:22+00:00,1,83581.1,0
2642,83581.1,0.005983,BTCUSDT,2025-04-12 09:45:22+00:00,1,83581.1,0
2643,83581.1,0.005983,BTCUSDT,2025-04-12 09:45:22+00:00,1,83581.1,0
2644,83581.1,0.005983,BTCUSDT,2025-04-12 09:45:22+00:00,1,83581.3,1
2645,83581.3,0.00027,BTCUSDT,2025-04-12 09:45:22+00:00,1,83581.9,1
2651,83581.9,0.00016,BTCUSDT,2025-04-12 09:45:22+00:00,1,83581.9,0
2652,83581.9,0.01,BTCUSDT,2025-04-12 09:45:22+00:00,1,83581.9,0
2653,83581.9,0.01,BTCUSDT,2025-04-12 09:45:22+00:00,1,83582.7,1
2654,83582.7,0.00016,BTCUSDT,2025-04-12 09:45:22+00:00,1,83583.6,1
2655,83583.6,0.00016,BTCUSDT,2025-04-12 09:45:22+00:00,1,83584.4,1
2656,83584.4,0.00016,BTCUSDT,2025-04-12 09:45:22+00:00,1,83584.5,1
2657,83584.5,0.003018,BTCUSDT,2025-04-12 09:45:22+00:00,1,83584.5,0
2658,83584.5,0.00016,BTCUSDT,2025-04-12 09:45:22+00:00,1,83584.8,1
2659,83584.8,0.000213,BTCUSDT,2025-04-12 09:45:22+00:00,1,83585.1,1
2660,83585.1,0.00027,BTCUSDT,2025-04-12 09:45:22+00:00,1,83585.2,1
2661,83585.2,0.00016,BTCUSDT,2025-04-12 09:45:22+00:00,1,83585.3,1
2662,83585.3,0.000266,BTCUSDT,2025-04-12 09:45:22+00:00,1,83585.9,1
2663,83585.9,0.00027,BTCUSDT,2025-04-12 09:45:22+00:00,1,83586.1,1
2664,83586.1,7e-05,BTCUSDT,2025-04-12 09:45:22+00:00,1,83586.1,0
2665,83586.1,0.00016,BTCUSDT,2025-04-12 09:45:22+00:00,1,83586.8,1
2666,83586.8,0.00027,BTCUSDT,2025-04-12 09:45:22+00:00,1,83586.9,1
2667,83586.9,0.00016,BTCUSDT,2025-04-12 09:45:22+00:00,1,83586.9,0
2668,83586.9,7e-05,BTCUSDT,2025-04-12 09:45:22+00:00,1,83586.9,0
2669,83586.9,0.0008,BTCUSDT,2025-04-12 09:45:22+00:00,1,83587.6,1
2670,83587.6,0.001333,BTCUSDT,2025-04-12 09:45:22+00:00,1,83587.6,0
2671,83587.6,0.00027,BTCUSDT,2025-04-12 09:45:22+00:00,1,83587.7,1
2672,83587.7,0.00016,BTCUSDT,2025-04-12 09:45:22+00:00,1,83587.8,1
2673,83587.8,7e-05,BTCUSDT,2025-04-12 09:45:22+00:00,1,83588.1,1
2674,83588.1,0.000213,BTCUSDT,2025-04-12 09:45:22+00:00,1,83588.3,1
2675,83588.3,0.0002,BTCUSDT,2025-04-12 09:45:22+00:00,1,83588.3,0
2676,83588.3,0.0002,BTCUSDT,2025-04-12 09:45:22+00:00,1,83588.3,0
2677,83588.3,0.0002,BTCUSDT,2025-04-12 09:45:22+00:00,1,83588.4,1
2678,83588.4,0.00027,BTCUSDT,2025-04-12 09:45:22+00:00,1,83588.6,1
2679,83588.6,0.00016,BTCUSDT,2025-04-12 09:45:22+00:00,1,83588.6,0
2680,83588.6,7e-05,BTCUSDT,2025-04-12 09:45:22+00:00,1,83588.8,1
2681,83588.8,9.9e-05,BTCUSDT,2025-04-12 09:45:22+00:00,1,83589.3,1
2682,83589.3,0.00027,BTCUSDT,2025-04-12 09:45:22+00:00,1,83589.4,1
2683,83589.4,0.00016,BTCUSDT,2025-04-12 09:45:22+00:00,1,83589.4,0
2684,83589.4,7e-05,BTCUSDT,2025-04-12 09:45:22+00:00,1,83589.4,0
2685,83589.4,0.000266,BTCUSDT,2025-04-12 09:45:22+00:00,1,83589.7,1
2686,83589.7,0.0015,BTCUSDT,2025-04-12 09:45:22+00:00,1,83589.9,1
2792,83589.9,0.01,BTCUSDT,2025-04-12 09:45:23+00:00,0,83589.9,0
2793,83589.9,0.01,BTCUSDT,2025-04-12 09:45:23+00:00,0,83589.9,0
2794,83589.9,0.002393,BTCUSDT,2025-04-12 09:45:23+00:00,0,83589.9,0
2795,83589.9,0.002393,BTCUSDT,2025-04-12 09:45:23+00:00,0,83589.9,0
2796,83589.9,0.002393,BTCUSDT,2025-04-12 09:45:23+00:00,0,83589.9,0
2797,83589.9,0.005983,BTCUSDT,2025-04-12 09:45:23+00:00,0,83589.9,0
2798,83589.9,0.005983,BTCUSDT,2025-04-12 09:45:23+00:00,0,83589.9,0
2799,83589.9,0.005983,BTCUSDT,2025-04-12 09:45:23+00:00,0,83589.9,0
2800,83589.9,0.005983,BTCUSDT,2025-04-12 09:45:23+00:00,0,83589.9,0
2801,83589.9,0.003786,BTCUSDT,2025-04-12 09:45:23+00:00,0,83589.9,0
2805,83589.9,0.002197,BTCUSDT,2025-04-12 09:45:23+00:00,0,83589.9,0
2806,83589.9,0.005983,BTCUSDT,2025-04-12 09:45:23+00:00,0,83589.9,0
2807,83589.9,0.018617,BTCUSDT,2025-04-12 09:45:23+00:00,0,83589.9,0
2808,83589.9,0.005983,BTCUSDT,2025-04-12 09:45:23+00:00,0,83589.9,0
2809,83589.9,0.001,BTCUSDT,2025-04-12 09:45:23+00:00,0,83589.9,0
2810,83589.9,0.005982,BTCUSDT,2025-04-12 09:45:23+00:00,0,83589.7,0
2811,83589.7,0.0006,BTCUSDT,2025-04-12 09:45:23+00:00,0,83588.6,0
2812,83588.6,7e-05,BTCUSDT,2025-04-12 09:45:23+00:00,0,83588.6,0
2813,83588.6,0.00016,BTCUSDT,2025-04-12 09:45:23+00:00,0,83588.6,0
2814,83588.6,0.01,BTCUSDT,2025-04-12 09:45:23+00:00,0,83588.6,0
2815,83588.6,0.01,BTCUSDT,2025-04-12 09:45:23+00:00,0,83588.6,0
2816,83588.6,0.005982,BTCUSDT,2025-04-12 09:45:23+00:00,0,83588.6,0
2817,83588.6,0.005982,BTCUSDT,2025-04-12 09:45:23+00:00,0,83588.6,0
2818,83588.6,0.005982,BTCUSDT,2025-04-12 09:45:23+00:00,0,83588.4,0
2819,83588.4,0.00027,BTCUSDT,2025-04-12 09:45:23+00:00,0,83588.4,0
2820,83588.4,0.01,BTCUSDT,2025-04-12 09:45:23+00:00,0,83588.4,0
2821,83588.4,0.01,BTCUSDT,2025-04-12 09:45:23+00:00,0,83588.4,0
2822,83588.4,0.005982,BTCUSDT,2025-04-12 09:45:23+00:00,0,83588.4,0
2823,83588.4,0.0008,BTCUSDT,2025-04-12 09:45:23+00:00,0,83588.4,0
2824,83588.4,0.005982,BTCUSDT,2025-04-12 09:45:23+00:00,0,83587.8,0
2825,83587.8,7e-05,BTCUSDT,2025-04-12 09:45:23+00:00,0,83587.8,0
2826,83587.8,0.001123,BTCUSDT,2025-04-12 09:45:23+00:00,0,83587.8,0
2769,83587.8,0.008877,BTCUSDT,2025-04-12 09:45:24+00:00,0,83587.8,0
2770,83587.8,0.01,BTCUSDT,2025-04-12 09:45:24+00:00,0,83587.8,0
2771,83587.8,0.005982,BTCUSDT,2025-04-12 09:45:24+00:00,0,83587.8,0
2772,83587.8,0.005982,BTCUSDT,2025-04-12 09:45:24+00:00,0,83587.8,0
2773,83587.8,0.002393,BTCUSDT,2025-04-12 09:45:24+00:00,0,83587.7,0
2774,83587.7,0.00016,BTCUSDT,2025-04-12 09:45:24+00:00,0,83587.6,0
2775,83587.6,0.00027,BTCUSDT,2025-04-12 09:45:24+00:00,0,83586.9,0
2776,83586.9,7e-05,BTCUSDT,2025-04-12 09:45:24+00:00,0,83586.9,0
2777,83586.9,0.00016,BTCUSDT,2025-04-12 09:45:24+00:00,0,83586.8,0
2778,83586.8,0.00027,BTCUSDT,2025-04-12 09:45:24+00:00,0,83586.1,0
2779,83586.1,7e-05,BTCUSDT,2025-04-12 09:45:24+00:00,0,83586.1,0
2780,83586.1,0.00016,BTCUSDT,2025-04-12 09:45:24+00:00,0,83585.9,0
2781,83585.9,0.00027,BTCUSDT,2025-04-12 09:45:24+00:00,0,83585.3,0
2782,83585.3,7e-05,BTCUSDT,2025-04-12 09:45:24+00:00,0,83585.3,0
2783,83585.3,0.000266,BTCUSDT,2025-04-12 09:45:24+00:00,0,83585.2,0
2784,83585.2,0.00016,BTCUSDT,2025-04-12 09:45:24+00:00,0,83585.2,0
2785,83585.2,0.002816,BTCUSDT,2025-04-12 09:45:24+00:00,0,83585.1,0
2786,83585.1,0.00027,BTCUSDT,2025-04-12 09:45:24+00:00,0,83584.9,0
2787,83584.9,0.001056,BTCUSDT,2025-04-12 09:45:24+00:00,0,83584.9,0
2788,83584.9,0.00099,BTCUSDT,2025-04-12 09:45:24+00:00,0,83584.8,0
2789,83584.8,0.000213,BTCUSDT,2025-04-12 09:45:24+00:00,0,83584.4,0
2884,83584.4,0.0001,BTCUSDT,2025-04-12 09:45:27+00:00,0,83584.5,1
2891,83584.5,0.001213,BTCUSDT,2025-04-12 09:45:27+00:00,1,83584.4,0
2844,83584.4,6e-05,BTCUSDT,2025-04-12 09:45:29+00:00,0,83584.4,0
2845,83584.4,0.002393,BTCUSDT,2025-04-12 09:45:29+00:00,0,83584.4,0
2846,83584.4,0.0006,BTCUSDT,2025-04-12 09:45:29+00:00,0,83584.3,0
2847,83584.3,0.00027,BTCUSDT,2025-04-12 09:45:29+00:00,0,83583.6,0
2849,83583.6,0.00016,BTCUSDT,2025-04-12 09:45:29+00:00,0,83583.4,0
2850,83583.4,0.001333,BTCUSDT,2025-04-12 09:45:29+00:00,0,83582.7,0
2854,83582.7,0.0008,BTCUSDT,2025-04-12 09:45:29+00:00,0,83582.7,0
2855,83582.7,0.00016,BTCUSDT,2025-04-12 09:45:29+00:00,0,83582.1,0
2856,83582.1,0.0015,BTCUSDT,2025-04-12 09:45:29+00:00,0,83581.9,0
2857,83581.9,0.00016,BTCUSDT,2025-04-12 09:45:29+00:00,0,83581.8,0
2858,83581.8,0.001619,BTCUSDT,2025-04-12 09:45:29+00:00,0,83581.8,0
2859,83581.8,0.001195,BTCUSDT,2025-04-12 09:45:29+00:00,0,83581.4,0
2861,83581.4,0.000213,BTCUSDT,2025-04-12 09:45:29+00:00,0,83581.1,0
2862,83581.1,0.00016,BTCUSDT,2025-04-12 09:45:29+00:00,0,83581.1,0
2863,83581.1,0.000266,BTCUSDT,2025-04-12 09:45:29+00:00,0,83580.6,0
3032,83580.6,0.003161,BTCUSDT,2025-04-12 09:45:31+00:00,1,83580.5,0
2972,83580.5,0.0023,BTCUSDT,2025-04-12 09:45:32+00:00,0,83580.5,0
2973,83580.5,9.3e-05,BTCUSDT,2025-04-12 09:45:32+00:00,0,83580.5,0
2974,83580.5,0.001707,BTCUSDT,2025-04-12 09:45:32+00:00,0,83580.5,0
2980,83580.5,0.000593,BTCUSDT,2025-04-12 09:45:32+00:00,0,83580.5,0
2981,83580.5,0.0018,BTCUSDT,2025-04-12 09:45:32+00:00,0,83580.2,0
2982,83580.2,0.00016,BTCUSDT,2025-04-12 09:45:32+00:00,0,83580.0,0
2983,83580.0,6e-05,BTCUSDT,2025-04-12 09:45:32+00:00,0,83579.4,0
2984,83579.4,0.00016,BTCUSDT,2025-04-12 09:45:32+00:00,0,83579.3,0
2985,83579.3,0.00027,BTCUSDT,2025-04-12 09:45:32+00:00,0,83579.2,0
2986,83579.2,0.001333,BTCUSDT,2025-04-12 09:45:32+00:00,0,83578.6,0
2987,83578.6,0.0008,BTCUSDT,2025-04-12 09:45:32+00:00,0,83578.6,0
2988,83578.6,0.00016,BTCUSDT,2025-04-12 09:45:32+00:00,0,83578.4,0
2989,83578.4,0.00027,BTCUSDT,2025-04-12 09:45:32+00:00,0,83578.1,0
2990,83578.1,0.000212,BTCUSDT,2025-04-12 09:45:32+00:00,0,83577.9,0
2991,83577.9,0.002813,BTCUSDT,2025-04-12 09:45:32+00:00,0,83577.7,0
2992,83577.7,0.00016,BTCUSDT,2025-04-12 09:45:32+00:00,0,83577.6,0
2993,83577.6,0.00027,BTCUSDT,2025-04-12 09:45:32+00:00,0,83576.9,0
2994,83576.9,0.00016,BTCUSDT,2025-04-12 09:45:32+00:00,0,83576.9,0
2995,83576.9,0.000265,BTCUSDT,2025-04-12 09:45:32+00:00,0,83576.8,0
2996,83576.8,9.9e-05,BTCUSDT,2025-04-12 09:45:32+00:00,0,83576.7,0
2997,83576.7,0.00027,BTCUSDT,2025-04-12 09:45:32+00:00,0,83576.0,0
2998,83576.0,0.00016,BTCUSDT,2025-04-12 09:45:32+00:00,0,83575.9,0
2999,83575.9,0.00027,BTCUSDT,2025-04-12 09:45:32+00:00,0,83575.8,0
3000,83575.8,0.002349,BTCUSDT,2025-04-12 09:45:32+00:00,0,83580.6,1
3001,83580.6,4.1e-05,BTCUSDT,2025-04-12 09:45:32+00:00,1,83580.5,0
3002,83580.5,0.002393,BTCUSDT,2025-04-12 09:45:32+00:00,0,83580.0,0
3003,83580.0,6e-05,BTCUSDT,2025-04-12 09:45:32+00:00,0,83577.9,0
3004,83577.9,0.002813,BTCUSDT,2025-04-12 09:45:32+00:00,0,83575.8,0
3005,83575.8,0.003278,BTCUSDT,2025-04-12 09:45:32+00:00,0,83575.6,0
3006,83575.6,0.000677,BTCUSDT,2025-04-12 09:45:32+00:00,0,83580.5,1
3007,83580.5,0.002393,BTCUSDT,2025-04-12 09:45:32+00:00,0,83580.0,0
3008,83580.0,6e-05,BTCUSDT,2025-04-12 09:45:32+00:00,0,83575.8,0
3009,83575.8,0.003376,BTCUSDT,2025-04-12 09:45:32+00:00,0,83580.5,1
3023,83580.5,0.00027,BTCUSDT,2025-04-12 09:45:32+00:00,0,83580.5,0
3024,83580.5,0.0008,BTCUSDT,2025-04-12 09:45:32+00:00,0,83580.5,0
3025,83580.5,0.002393,BTCUSDT,2025-04-12 09:45:32+00:00,0,83580.5,0
3026,83580.5,0.046128,BTCUSDT,2025-04-12 09:45:32+00:00,0,83580.5,0
2915,83580.5,0.002393,BTCUSDT,2025-04-12 09:45:33+00:00,0,83580.5,0
2916,83580.5,0.0006,BTCUSDT,2025-04-12 09:45:33+00:00,0,83580.0,0
2918,83580.0,6e-05,BTCUSDT,2025-04-12 09:45:33+00:00,0,83577.9,0
2919,83577.9,0.002806,BTCUSDT,2025-04-12 09:45:33+00:00,0,83575.5,0
2925,83575.5,0.000351,BTCUSDT,2025-04-12 09:45:33+00:00,0,83575.2,0
2926,83575.2,0.00016,BTCUSDT,2025-04-12 09:45:33+00:00,0,83575.1,0
2927,83575.1,0.001333,BTCUSDT,2025-04-12 09:45:33+00:00,0,83575.1,0
2928,83575.1,0.000351,BTCUSDT,2025-04-12 09:45:33+00:00,0,83574.7,0
2929,83574.7,0.000212,BTCUSDT,2025-04-12 09:45:33+00:00,0,83574.4,0
2930,83574.4,0.0008,BTCUSDT,2025-04-12 09:45:33+00:00,0,83574.4,0
2931,83574.4,0.00016,BTCUSDT,2025-04-12 09:45:33+00:00,0,83574.4,0
2932,83574.4,0.000351,BTCUSDT,2025-04-12 09:45:33+00:00,0,83573.6,0
3124,83573.6,0.005982,BTCUSDT,2025-04-12 09:45:35+00:00,1,83573.6,0
3125,83573.6,0.005982,BTCUSDT,2025-04-12 09:45:35+00:00,1,83573.6,0
3126,83573.6,0.005982,BTCUSDT,2025-04-12 09:45:35+00:00,1,83573.6,0
3127,83573.6,0.005982,BTCUSDT,2025-04-12 09:45:35+00:00,1,83573.6,0
3128,83573.6,0.01,BTCUSDT,2025-04-12 09:45:35+00:00,1,83573.6,0
3129,83573.6,0.005982,BTCUSDT,2025-04-12 09:45:35+00:00,1,83573.6,0
3130,83573.6,0.005982,BTCUSDT,2025-04-12 09:45:35+00:00,1,83573.6,0
3131,83573.6,0.01,BTCUSDT,2025-04-12 09:45:35+00:00,1,83573.6,0
3132,83573.6,0.005982,BTCUSDT,2025-04-12 09:45:35+00:00,1,83573.6,0
3133,83573.6,0.001,BTCUSDT,2025-04-12 09:45:35+00:00,1,83573.6,0
3134,83573.6,0.0008,BTCUSDT,2025-04-12 09:45:35+00:00,1,83573.6,0
3135,83573.6,0.0008,BTCUSDT,2025-04-12 09:45:35+00:00,1,83573.6,0
3136,83573.6,0.078916,BTCUSDT,2025-04-12 09:45:35+00:00,1,83573.5,0
3144,83573.5,7.1e-05,BTCUSDT,2025-04-12 09:45:36+00:00,0,83573.6,1
3165,83573.6,0.000288,BTCUSDT,2025-04-12 09:45:38+00:00,1,83573.5,0
3202,83573.5,8.9e-05,BTCUSDT,2025-04-12 09:45:40+00:00,0,83573.5,0
3203,83573.5,3e-05,BTCUSDT,2025-04-12 09:45:40+00:00,0,83573.6,1
3198,83573.6,0.000243,BTCUSDT,2025-04-12 09:45:42+00:00,1,83573.5,0
3214,83573.5,0.001744,BTCUSDT,2025-04-12 09:45:45+00:00,0,83573.5,0
3223,83573.5,0.001135,BTCUSDT,2025-04-12 09:45:47+00:00,0,83573.6,1
3230,83573.6,0.000922,BTCUSDT,2025-04-12 09:45:47+00:00,1,83573.6,0
3274,83573.6,5.9e-05,BTCUSDT,2025-04-12 09:45:51+00:00,1,83573.5,0
3311,83573.5,0.006827,BTCUSDT,2025-04-12 09:45:52+00:00,0,83573.5,0
3312,83573.5,0.013748,BTCUSDT,2025-04-12 09:45:52+00:00,0,83573.5,0
3313,83573.5,0.010278,BTCUSDT,2025-04-12 09:45:52+00:00,0,83573.5,0
3297,83573.5,0.00023,BTCUSDT,2025-04-12 09:45:53+00:00,0,83573.6,1
3317,83573.6,0.000239,BTCUSDT,2025-04-12 09:45:54+00:00,1,83573.5,0
3292,83573.5,0.001196,BTCUSDT,2025-04-12 09:45:55+00:00,0,83573.6,1
3414,83573.6,0.000185,BTCUSDT,2025-04-12 09:45:55+00:00,1,83573.5,0
3436,83573.5,0.000398,BTCUSDT,2025-04-12 09:45:55+00:00,0,83573.5,0
3437,83573.5,0.00281,BTCUSDT,2025-04-12 09:45:56+00:00,0,83573.6,1
3320,83573.6,0.004334,BTCUSDT,2025-04-12 09:45:57+00:00,1,83573.6,0
3321,83573.6,0.005983,BTCUSDT,2025-04-12 09:45:57+00:00,1,83573.6,0
3322,83573.6,0.005983,BTCUSDT,2025-04-12 09:45:57+00:00,1,83573.6,0
3323,83573.6,0.005983,BTCUSDT,2025-04-12 09:45:57+00:00,1,83573.6,0
3324,83573.6,0.005983,BTCUSDT,2025-04-12 09:45:57+00:00,1,83573.6,0
3325,83573.6,0.005983,BTCUSDT,2025-04-12 09:45:57+00:00,1,83573.6,0
3326,83573.6,0.002394,BTCUSDT,2025-04-12 09:45:57+00:00,1,83573.6,0
3327,83573.6,0.002394,BTCUSDT,2025-04-12 09:45:57+00:00,1,83573.6,0
3328,83573.6,0.002394,BTCUSDT,2025-04-12 09:45:57+00:00,1,83573.6,0
3329,83573.6,0.002394,BTCUSDT,2025-04-12 09:45:57+00:00,1,83573.6,0
3330,83573.6,0.002394,BTCUSDT,2025-04-12 09:45:57+00:00,1,83573.6,0
3331,83573.6,0.002394,BTCUSDT,2025-04-12 09:45:57+00:00,1,83573.6,0
3332,83573.6,0.002394,BTCUSDT,2025-04-12 09:45:57+00:00,1,83573.6,0
3333,83573.6,0.002394,BTCUSDT,2025-04-12 09:45:57+00:00,1,83573.6,0
3334,83573.6,0.001699,BTCUSDT,2025-04-12 09:45:57+00:00,1,83573.6,0
3335,83573.6,0.002394,BTCUSDT,2025-04-12 09:45:57+00:00,1,83573.6,0
3336,83573.6,0.002394,BTCUSDT,2025-04-12 09:45:57+00:00,1,83573.6,0
3337,83573.6,0.005983,BTCUSDT,2025-04-12 09:45:57+00:00,1,83573.6,0
3338,83573.6,0.028447,BTCUSDT,2025-04-12 09:45:57+00:00,1,83573.6,0
3339,83573.6,0.000147,BTCUSDT,2025-04-12 09:45:57+00:00,1,83573.6,0
3340,83573.6,0.000147,BTCUSDT,2025-04-12 09:45:57+00:00,1,83573.6,0
3341,83573.6,0.000147,BTCUSDT,2025-04-12 09:45:57+00:00,1,83573.6,0
3342,83573.6,0.005983,BTCUSDT,2025-04-12 09:45:57+00:00,1,83573.6,0
3343,83573.6,0.339222,BTCUSDT,2025-04-12 09:45:57+00:00,1,83573.6,0
3344,83573.6,0.001088,BTCUSDT,2025-04-12 09:45:57+00:00,1,83573.6,0
3345,83573.6,0.01,BTCUSDT,2025-04-12 09:45:57+00:00,1,83573.6,0
3346,83573.6,0.01,BTCUSDT,2025-04-12 09:45:57+00:00,1,83574.4,1
3347,83574.4,0.00016,BTCUSDT,2025-04-12 09:45:57+00:00,1,83575.2,1
3348,83575.2,0.0001,BTCUSDT,2025-04-12 09:45:57+00:00,1,83575.2,0
3349,83575.2,6e-05,BTCUSDT,2025-04-12 09:45:57+00:00,1,83575.2,0
3350,83575.2,0.01,BTCUSDT,2025-04-12 09:45:57+00:00,1,83575.2,0
3351,83575.2,0.01,BTCUSDT,2025-04-12 09:45:57+00:00,1,83575.2,0
3352,83575.2,0.001795,BTCUSDT,2025-04-12 09:45:57+00:00,1,83575.2,0
3353,83575.2,0.002394,BTCUSDT,2025-04-12 09:45:57+00:00,1,83575.2,0
3354,83575.2,0.000598,BTCUSDT,2025-04-12 09:45:57+00:00,1,83576.0,1
3355,83576.0,0.00016,BTCUSDT,2025-04-12 09:45:57+00:00,1,83576.2,1
3356,83576.2,0.002558,BTCUSDT,2025-04-12 09:45:57+00:00,1,83576.7,1
3357,83576.7,0.00027,BTCUSDT,2025-04-12 09:45:57+00:00,1,83576.9,1
3358,83576.9,3e-05,BTCUSDT,2025-04-12 09:45:57+00:00,1,83576.9,0
3359,83576.9,0.0001,BTCUSDT,2025-04-12 09:45:57+00:00,1,83576.9,0
3360,83576.9,3e-05,BTCUSDT,2025-04-12 09:45:57+00:00,1,83577.6,1
3361,83577.6,0.00027,BTCUSDT,2025-04-12 09:45:57+00:00,1,83577.7,1
3362,83577.7,3e-05,BTCUSDT,2025-04-12 09:45:57+00:00,1,83577.7,0
3365,83577.7,0.00013,BTCUSDT,2025-04-12 09:45:57+00:00,1,83577.7,0
3366,83577.7,0.003189,BTCUSDT,2025-04-12 09:45:57+00:00,1,83577.8,1
3367,83577.8,0.119481,BTCUSDT,2025-04-12 09:45:57+00:00,1,83577.8,0
3368,83577.8,0.0002,BTCUSDT,2025-04-12 09:45:57+00:00,1,83577.8,0
3369,83577.8,1.3e-05,BTCUSDT,2025-04-12 09:45:57+00:00,1,83578.1,1
3370,83578.1,0.000187,BTCUSDT,2025-04-12 09:45:57+00:00,1,83578.1,0
3371,83578.1,2.6e-05,BTCUSDT,2025-04-12 09:45:57+00:00,1,83578.4,1
3372,83578.4,0.00027,BTCUSDT,2025-04-12 09:45:57+00:00,1,83578.6,1
3373,83578.6,0.0008,BTCUSDT,2025-04-12 09:45:57+00:00,1,83578.6,0
3374,83578.6,0.00099,BTCUSDT,2025-04-12 09:45:57+00:00,1,83578.6,0
3375,83578.6,0.000914,BTCUSDT,2025-04-12 09:45:57+00:00,1,83578.6,0
3376,83578.6,0.000142,BTCUSDT,2025-04-12 09:45:57+00:00,1,83578.6,0
3377,83578.6,0.00016,BTCUSDT,2025-04-12 09:45:57+00:00,1,83579.2,1
3378,83579.2,0.001333,BTCUSDT,2025-04-12 09:45:57+00:00,1,83579.3,1
3379,83579.3,0.000167,BTCUSDT,2025-04-12 09:45:57+00:00,1,83579.3,0
3387,83579.3,0.000103,BTCUSDT,2025-04-12 09:45:57+00:00,1,83579.3,0
3388,83579.3,0.01,BTCUSDT,2025-04-12 09:45:57+00:00,1,83579.3,0
3389,83579.3,0.01,BTCUSDT,2025-04-12 09:45:57+00:00,1,83579.4,1
3390,83579.4,0.00016,BTCUSDT,2025-04-12 09:45:57+00:00,1,83580.0,1
3391,83580.0,6e-05,BTCUSDT,2025-04-12 09:45:57+00:00,1,83580.1,1
3392,83580.1,0.00027,BTCUSDT,2025-04-12 09:45:57+00:00,1,83580.2,1
3393,83580.2,0.00016,BTCUSDT,2025-04-12 09:45:57+00:00,1,83581.1,1
3394,83581.1,0.000266,BTCUSDT,2025-04-12 09:45:57+00:00,1,83581.1,0
3395,83581.1,0.00016,BTCUSDT,2025-04-12 09:45:57+00:00,1,83581.1,0
3396,83581.1,0.001122,BTCUSDT,2025-04-12 09:45:57+00:00,1,83581.1,0
3397,83581.1,0.001122,BTCUSDT,2025-04-12 09:45:57+00:00,1,83581.2,1
3398,83581.2,9.9e-05,BTCUSDT,2025-04-12 09:45:57+00:00,1,83581.3,1
3399,83581.3,0.00027,BTCUSDT,2025-04-12 09:45:57+00:00,1,83581.4,1
3400,83581.4,0.000213,BTCUSDT,2025-04-12 09:45:57+00:00,1,83581.9,1
3402,83581.9,0.00016,BTCUSDT,2025-04-12 09:45:57+00:00,1,83581.9,0
3403,83581.9,0.000598,BTCUSDT,2025-04-12 09:45:57+00:00,1,83581.9,0
3404,83581.9,0.001795,BTCUSDT,2025-04-12 09:45:57+00:00,1,83581.9,0
3405,83581.9,0.005983,BTCUSDT,2025-04-12 09:45:57+00:00,1,83582.6,1
3406,83582.6,0.00027,BTCUSDT,2025-04-12 09:45:57+00:00,1,83582.7,1
3407,83582.7,0.00016,BTCUSDT,2025-04-12 09:45:57+00:00,1,83582.7,0
3408,83582.7,0.0008,BTCUSDT,2025-04-12 09:45:57+00:00,1,83583.1,1
3413,83583.1,0.014103,BTCUSDT,2025-04-12 09:45:57+00:00,0,83583.1,0
3440,83583.1,0.00117,BTCUSDT,2025-04-12 09:46:02+00:00,0,83583.2,1
3444,83583.2,0.000598,BTCUSDT,2025-04-12 09:46:02+00:00,1,83583.2,0
3445,83583.2,0.000225,BTCUSDT,2025-04-12 09:46:02+00:00,1,83583.2,0
3446,83583.2,0.002393,BTCUSDT,2025-04-12 09:46:02+00:00,1,83583.2,0
3447,83583.2,0.000153,BTCUSDT,2025-04-12 09:46:02+00:00,1,83583.4,1
3448,83583.4,0.001333,BTCUSDT,2025-04-12 09:46:02+00:00,1,83583.4,0
3449,83583.4,0.00027,BTCUSDT,2025-04-12 09:46:02+00:00,1,83583.6,1
3450,83583.6,0.00016,BTCUSDT,2025-04-12 09:46:02+00:00,1,83584.3,1
3451,83584.3,0.00027,BTCUSDT,2025-04-12 09:46:02+00:00,1,83584.4,1
3452,83584.4,0.00016,BTCUSDT,2025-04-12 09:46:02+00:00,1,83584.5,1
3565,83584.5,0.0396,BTCUSDT,2025-04-12 09:46:03+00:00,1,83584.5,0
3566,83584.5,0.000598,BTCUSDT,2025-04-12 09:46:03+00:00,1,83584.8,1
3567,83584.8,0.0002,BTCUSDT,2025-04-12 09:46:03+00:00,1,83584.8,0
3568,83584.8,1.3e-05,BTCUSDT,2025-04-12 09:46:03+00:00,1,83585.1,1
3569,83585.1,0.000187,BTCUSDT,2025-04-12 09:46:03+00:00,1,83585.1,0
3570,83585.1,8.3e-05,BTCUSDT,2025-04-12 09:46:03+00:00,1,83585.2,1
3571,83585.2,0.00016,BTCUSDT,2025-04-12 09:46:03+00:00,1,83585.3,1
3572,83585.3,5.7e-05,BTCUSDT,2025-04-12 09:46:03+00:00,1,83585.3,0
3573,83585.3,0.000209,BTCUSDT,2025-04-12 09:46:03+00:00,1,83585.9,1
3575,83585.9,0.0002,BTCUSDT,2025-04-12 09:46:03+00:00,1,83585.9,0
3576,83585.9,7e-05,BTCUSDT,2025-04-12 09:46:03+00:00,1,83586.1,1
3577,83586.1,7e-05,BTCUSDT,2025-04-12 09:46:03+00:00,1,83586.1,0
3578,83586.1,0.00016,BTCUSDT,2025-04-12 09:46:03+00:00,1,83586.8,1
3579,83586.8,0.00027,BTCUSDT,2025-04-12 09:46:03+00:00,1,83586.9,1
3580,83586.9,7e-05,BTCUSDT,2025-04-12 09:46:03+00:00,1,83586.9,0
3581,83586.9,0.00016,BTCUSDT,2025-04-12 09:46:03+00:00,1,83586.9,0
3582,83586.9,0.0008,BTCUSDT,2025-04-12 09:46:03+00:00,1,83587.0,1
3488,83587.0,0.000598,BTCUSDT,2025-04-12 09:46:04+00:00,1,83587.6,1
3489,83587.6,0.00027,BTCUSDT,2025-04-12 09:46:04+00:00,1,83587.6,0
3490,83587.6,0.001333,BTCUSDT,2025-04-12 09:46:04+00:00,1,83587.7,1
3491,83587.7,0.00016,BTCUSDT,2025-04-12 09:46:04+00:00,1,83587.8,1
3492,83587.8,7e-05,BTCUSDT,2025-04-12 09:46:04+00:00,1,83588.1,1
3493,83588.1,0.000213,BTCUSDT,2025-04-12 09:46:04+00:00,1,83588.4,1
3494,83588.4,0.00027,BTCUSDT,2025-04-12 09:46:04+00:00,1,83588.6,1
3495,83588.6,7e-05,BTCUSDT,2025-04-12 09:46:04+00:00,1,83588.6,0
3496,83588.6,0.00016,BTCUSDT,2025-04-12 09:46:04+00:00,1,83589.3,1
3497,83589.3,0.00027,BTCUSDT,2025-04-12 09:46:04+00:00,1,83589.4,1
3498,83589.4,0.00016,BTCUSDT,2025-04-12 09:46:04+00:00,1,83589.4,0
3499,83589.4,7e-05,BTCUSDT,2025-04-12 09:46:04+00:00,1,83589.4,0
3500,83589.4,0.000266,BTCUSDT,2025-04-12 09:46:04+00:00,1,83589.5,1
3501,83589.5,0.003187,BTCUSDT,2025-04-12 09:46:04+00:00,1,83590.0,1
3502,83590.0,6e-05,BTCUSDT,2025-04-12 09:46:04+00:00,1,83590.1,1
3503,83590.1,0.00027,BTCUSDT,2025-04-12 09:46:04+00:00,1,83590.3,1
3504,83590.3,0.00016,BTCUSDT,2025-04-12 09:46:04+00:00,1,83590.3,0
3505,83590.3,7e-05,BTCUSDT,2025-04-12 09:46:04+00:00,1,83590.5,1
3506,83590.5,0.00027,BTCUSDT,2025-04-12 09:46:04+00:00,1,83591.0,1
3507,83591.0,0.00027,BTCUSDT,2025-04-12 09:46:04+00:00,1,83591.1,1
3508,83591.1,7e-05,BTCUSDT,2025-04-12 09:46:04+00:00,1,83591.1,0
3509,83591.1,0.0008,BTCUSDT,2025-04-12 09:46:04+00:00,1,83591.1,0
3510,83591.1,0.00016,BTCUSDT,2025-04-12 09:46:04+00:00,1,83591.5,1
3511,83591.5,0.000213,BTCUSDT,2025-04-12 09:46:04+00:00,1,83591.5,0
3512,83591.5,0.001122,BTCUSDT,2025-04-12 09:46:04+00:00,1,83591.5,0
3513,83591.5,0.001056,BTCUSDT,2025-04-12 09:46:04+00:00,1,83591.6,1
3514,83591.6,0.006374,BTCUSDT,2025-04-12 09:46:04+00:00,1,83591.8,1
3515,83591.8,0.00027,BTCUSDT,2025-04-12 09:46:04+00:00,1,83591.8,0
3516,83591.8,0.001333,BTCUSDT,2025-04-12 09:46:04+00:00,1,83591.9,1
3517,83591.9,0.00016,BTCUSDT,2025-04-12 09:46:04+00:00,1,83592.0,1
3518,83592.0,7e-05,BTCUSDT,2025-04-12 09:46:04+00:00,1,83592.3,1
3519,83592.3,0.00066,BTCUSDT,2025-04-12 09:46:04+00:00,1,83592.4,1
3520,83592.4,0.119673,BTCUSDT,2025-04-12 09:46:04+00:00,1,83592.6,1
3521,83592.6,2.7e-05,BTCUSDT,2025-04-12 09:46:04+00:00,1,83592.8,1
3522,83592.8,7e-05,BTCUSDT,2025-04-12 09:46:04+00:00,1,83592.8,0
3523,83592.8,0.00016,BTCUSDT,2025-04-12 09:46:04+00:00,1,83593.6,1
